<?xml version="1.0" encoding="UTF-8"?>
<!DOCTYPE html PUBLIC "-//W3C//DTD XHTML 1.0 Transitional//EN"
    "http://www.w3.org/TR/xhtml1/DTD/xhtml1-transitional.dtd">
<html xmlns="http://www.w3.org/1999/xhtml" xml:lang="en" lang="en">
 <head>
  <title>
</title>
<meta http-equiv="Content-Type" content="text/html;charset=utf-8" />
  <meta name='ocr-system' content='tesseract 3.04.00' />
  <meta name='ocr-capabilities' content='ocr_page ocr_carea ocr_par ocr_line ocrx_word'/>
</head>
<body>
  <div class='ocr_page' id='page_1' title='image "./flaviiiosephiop00josegoog_0398.png"; bbox 0 0 2500 3882; ppageno 0'>
   <div class='ocr_carea' id='block_1_1' title="bbox 169 126 1638 237">
    <p class='ocr_par' dir='ltr' id='par_1_1' title="bbox 169 126 1638 237">
     <span class='ocr_line' id='line_1_1' title="bbox 169 126 1638 237; baseline -0.007 -10"><span class='ocrx_word' id='word_1_1' title='bbox 169 126 178 135; x_wconf 68' lang='grc'><em>’</em></span> <span class='ocrx_word' id='word_1_2' title='bbox 263 158 268 165; x_wconf 80' lang='grc'><em>’</em></span> <span class='ocrx_word' id='word_1_3' title='bbox 319 165 401 226; x_wconf 85' lang='lat'><strong><em>30</em></strong></span> <span class='ocrx_word' id='word_1_4' title='bbox 499 166 510 175; x_wconf 87' lang='lat'><strong>·</strong></span> <span class='ocrx_word' id='word_1_5' title='bbox 719 220 740 237; x_wconf 84' lang='grc'><strong><em>,</em></strong></span> <span class='ocrx_word' id='word_1_6' title='bbox 991 159 1638 222; x_wconf 72' lang='grc' dir='ltr'><strong><em>ΑΡΧΑΙοΛοΓῙΑΣ</em></strong></span> 
     </span>
    </p>
   </div>
   <div class='ocr_carea' id='block_1_2' title="bbox 201 318 2487 3485">
    <p class='ocr_par' dir='ltr' id='par_1_2' title="bbox 291 318 2417 807">
     <span class='ocr_line' id='line_1_2' title="bbox 319 318 2336 415; baseline -0.005 -22"><span class='ocrx_word' id='word_1_7' title='bbox 319 322 489 415; x_wconf 74' lang='grc' dir='ltr'><strong><em>πρᾷς</em></strong></span> <span class='ocrx_word' id='word_1_8' title='bbox 550 320 922 410; x_wconf 82' lang='grc' dir='ltr'><strong><em>ἀλλήλους</em></strong></span> <span class='ocrx_word' id='word_1_9' title='bbox 942 318 1692 407; x_wconf 75' lang='grc' dir='ltr'><strong><em>ἀνθυπερβαλλομένων</em></strong></span> <span class='ocrx_word' id='word_1_10' title='bbox 1756 332 1898 400; x_wconf 83' lang='grc' dir='ltr'><strong><em>ταῖς</em></strong></span> <span class='ocrx_word' id='word_1_11' title='bbox 1960 321 2336 413; x_wconf 78' lang='grc' dir='ltr'><strong><em>διαβολαῖς.</em></strong></span> 
     </span>
     <span class='ocr_line' id='line_1_3' title="bbox 291 410 2417 539; baseline -0.001 -50"><span class='ocrx_word' id='word_1_12' title='bbox 291 421 706 511; x_wconf 76' lang='grc' dir='ltr'><strong><em>,ἐστρατήγει</em></strong></span> <span class='ocrx_word' id='word_1_13' title='bbox 735 419 801 489; x_wconf 87' lang='grc' dir='ltr'><strong><em>δ’</em></strong></span> <span class='ocrx_word' id='word_1_14' title='bbox 838 418 940 488; x_wconf 87' lang='grc' dir='ltr'><strong><em>ἀεὶ</em></strong></span> <span class='ocrx_word' id='word_1_15' title='bbox 967 417 1133 488; x_wconf 81' lang='grc' dir='ltr'><strong><em>κατὰ</em></strong></span> <span class='ocrx_word' id='word_1_16' title='bbox 1170 424 1310 486; x_wconf 75' lang='grc' dir='ltr'><strong><em>τών</em></strong></span> <span class='ocrx_word' id='word_1_17' title='bbox 1341 410 1658 505; x_wconf 71' lang='grc' dir='ltr'><strong><em>ἀδελφῶν</em></strong></span> <span class='ocrx_word' id='word_1_18' title='bbox 1682 415 2140 539; x_wconf 70' lang='grc' dir='ltr'><strong><em>Ἀντίπατρος,</em></strong></span> <span class='ocrx_word' id='word_1_19' title='bbox 2187 422 2340 486; x_wconf 86' lang='grc' dir='ltr'><strong><em>δει-</em></strong></span> <span class='ocrx_word' id='word_1_20' title='bbox 2386 478 2417 487; x_wconf 85' lang='grc'><strong><em>..</em></strong></span> 
     </span>
     <span class='ocr_line' id='line_1_4' title="bbox 315 515 2334 613; baseline -0.003 -23"><span class='ocrx_word' id='word_1_21' title='bbox 315 520 438 602; x_wconf 88' lang='grc' dir='ltr'><strong><em>νός</em></strong></span> <span class='ocrx_word' id='word_1_22' title='bbox 481 547 580 588; x_wconf 86' lang='grc' dir='ltr'><strong><em>ων</em></strong></span> <span class='ocrx_word' id='word_1_23' title='bbox 617 524 871 601; x_wconf 78' lang='grc' dir='ltr'><strong><em>ἔξωθεν</em></strong></span> <span class='ocrx_word' id='word_1_24' title='bbox 908 518 1031 604; x_wconf 76' lang='grc' dir='ltr'><strong><em>μὲν</em></strong></span> <span class='ocrx_word' id='word_1_25' title='bbox 1087 516 1519 606; x_wconf 77' lang='grc' dir='ltr'><strong><em>περιβάλλειν</em></strong></span> <span class='ocrx_word' id='word_1_26' title='bbox 1578 515 1853 613; x_wconf 78' lang='grc' dir='ltr'><strong><em>αὐτούς</em></strong></span> <span class='ocrx_word' id='word_1_27' title='bbox 1880 530 2021 596; x_wconf 82' lang='grc' dir='ltr'><strong><em>ταῖς</em></strong></span> <span class='ocrx_word' id='word_1_28' title='bbox 2064 521 2334 603; x_wconf 78' lang='grc' dir='ltr'><strong><em>αἰτίαις,</em></strong></span> 
     </span>
     <span class='ocr_line' id='line_1_5' title="bbox 320 596 2333 704; baseline -0.003 -16"><span class='ocrx_word' id='word_1_29' title='bbox 320 616 524 699; x_wconf 80' lang='grc' dir='ltr'><strong><em>αὐτὸς</em></strong></span> <span class='ocrx_word' id='word_1_30' title='bbox 579 619 654 686; x_wconf 70' lang='grc' dir='ltr'><strong><em>δὲ</em></strong></span> <span class='ocrx_word' id='word_1_31' title='bbox 701 616 1020 695; x_wconf 77' lang='grc' dir='ltr'><strong><em>πολλάκις</em></strong></span> <span class='ocrx_word' id='word_1_32' title='bbox 1063 596 1623 703; x_wconf 65' lang='grc' dir='ltr'><strong><em>ἀπολογουμένου</em></strong></span> <span class='ocrx_word' id='word_1_33' title='bbox 1668 619 1879 685; x_wconf 90' lang='grc' dir='ltr'><strong><em>τόπον</em></strong></span> <span class='ocrx_word' id='word_1_34' title='bbox 1932 617 2333 704; x_wconf 78' lang='grc' dir='ltr'><strong><em>λαμβάνειν,</em></strong></span> 
     </span>
     <span class='ocr_line' id='line_1_6' title="bbox 315 712 2387 808; baseline -0.003 -19.99"><span class='ocrx_word' id='word_1_35' title='bbox 315 718 413 788; x_wconf 81' lang='grc' dir='ltr'><strong><em>ἵν’</em></strong></span> <span class='ocrx_word' id='word_1_36' title='bbox 461 712 503 808; x_wconf 82' lang='grc' dir='ltr'><strong><em>ᾖ</em></strong></span> <span class='ocrx_word' id='word_1_37' title='bbox 543 716 618 785; x_wconf 88' lang='grc' dir='ltr'>τό</span> <span class='ocrx_word' id='word_1_38' title='bbox 648 720 901 783; x_wconf 81' lang='grc' dir='ltr'><strong><em>δοκοῦν</em></strong></span> <span class='ocrx_word' id='word_1_39' title='bbox 939 712 1192 783; x_wconf 76' lang='grc' dir='ltr'><strong><em>εὔνουν</em></strong></span> <span class='ocrx_word' id='word_1_40' title='bbox 1225 715 1465 803; x_wconf 84' lang='grc' dir='ltr'><strong><em>πιστὸν</em></strong></span> <span class='ocrx_word' id='word_1_41' title='bbox 1509 712 1694 808; x_wconf 76' lang='grc' dir='ltr'><strong><em>αύτῷ</em></strong></span> <span class='ocrx_word' id='word_1_42' title='bbox 1725 714 1894 802; x_wconf 79' lang='grc' dir='ltr'><strong><em>πρὸς</em></strong></span> <span class='ocrx_word' id='word_1_43' title='bbox 1922 713 2039 794; x_wconf 74' lang='grc' dir='ltr'><strong><em>τὰς</em></strong></span> <span class='ocrx_word' id='word_1_44' title='bbox 2083 718 2387 800; x_wconf 58' lang='lat' dir='ltr'><strong><em>&amp;anxa-5</em></strong></span> 
     </span>
    </p>

    <p class='ocr_par' dir='ltr' id='par_1_3' title="bbox 261 807 2413 1888">
     <span class='ocr_line' id='line_1_7' title="bbox 261 807 2336 905; baseline -0.002 -22"><span class='ocrx_word' id='word_1_45' title='bbox 261 862 270 873; x_wconf 79' lang='lat'><em>,</em></span> <span class='ocrx_word' id='word_1_46' title='bbox 319 816 543 905; x_wconf 82' lang='grc' dir='ltr'><strong><em>ρήσεις</em></strong></span> <span class='ocrx_word' id='word_1_47' title='bbox 593 807 692 882; x_wconf 82' lang='grc' dir='ltr'><strong><em>ών</em></strong></span> <span class='ocrx_word' id='word_1_48' title='bbox 728 813 970 882; x_wconf 81' lang='grc' dir='ltr'><strong><em>ἐδόκει.</em></strong></span> <span class='ocrx_word' id='word_1_49' title='bbox 1056 814 1166 880; x_wconf 88' lang='grc' dir='ltr'><strong><em>καὶ</em></strong></span> <span class='ocrx_word' id='word_1_50' title='bbox 1210 811 1427 903; x_wconf 89' lang='grc' dir='ltr'><strong><em>τούτω</em></strong></span> <span class='ocrx_word' id='word_1_51' title='bbox 1468 819 1561 903; x_wconf 75' lang='grc' dir='ltr'><strong><em>τῷ</em></strong></span> <span class='ocrx_word' id='word_1_52' title='bbox 1594 813 1820 904; x_wconf 82' lang='grc' dir='ltr'><strong><em>τρόπω</em></strong></span> <span class='ocrx_word' id='word_1_53' title='bbox 1857 818 2174 893; x_wconf 82' lang='grc' dir='ltr'><strong><em>ποικίλως</em></strong></span> <span class='ocrx_word' id='word_1_54' title='bbox 2217 816 2336 880; x_wconf 84' lang='grc' dir='ltr'><strong><em>ε’κ-</em></strong></span> 
     </span>
     <span class='ocr_line' id='line_1_8' title="bbox 315 907 2334 1000; baseline -0.002 -18"><span class='ocrx_word' id='word_1_55' title='bbox 315 911 789 1000; x_wconf 81' lang='grc' dir='ltr'><strong><em>περιεληλύθει</em></strong></span> <span class='ocrx_word' id='word_1_56' title='bbox 820 911 942 979; x_wconf 76' lang='grc' dir='ltr'><strong><em>τὸν</em></strong></span> <span class='ocrx_word' id='word_1_57' title='bbox 982 911 1269 998; x_wconf 86' lang='grc' dir='ltr'><strong><em>πατέρα,</em></strong></span> <span class='ocrx_word' id='word_1_58' title='bbox 1307 910 1514 997; x_wconf 87' lang='grc' dir='ltr'><strong><em>μόνος</em></strong></span> <span class='ocrx_word' id='word_1_59' title='bbox 1546 907 1719 999; x_wconf 77' lang='grc' dir='ltr'><strong><em>ὑπὲρ</em></strong></span> <span class='ocrx_word' id='word_1_60' title='bbox 1750 918 1867 997; x_wconf 84' lang='grc' dir='ltr'><strong><em>τῆς</em></strong></span> <span class='ocrx_word' id='word_1_61' title='bbox 1898 912 2165 978; x_wconf 81' lang='grc' dir='ltr'><strong><em>ἐκείνου</em></strong></span> <span class='ocrx_word' id='word_1_62' title='bbox 2193 931 2334 978; x_wconf 88' lang='grc' dir='ltr'><strong><em>σω-</em></strong></span> 
     </span>
     <span class='ocr_line' id='line_1_9' title="bbox 317 1007 2334 1098; baseline -0.001 -18"><span class='ocrx_word' id='word_1_63' title='bbox 317 1017 546 1098; x_wconf 84' lang='grc' dir='ltr'><strong><em>τηρίας</em></strong></span> <span class='ocrx_word' id='word_1_64' title='bbox 589 1009 848 1078; x_wconf 79' lang='grc' dir='ltr'><strong><em>ἅπαντα</em></strong></span> <span class='ocrx_word' id='word_1_65' title='bbox 890 1010 1208 1095; x_wconf 81' lang='grc' dir='ltr'><strong><em>πράττειν</em></strong></span> <span class='ocrx_word' id='word_1_66' title='bbox 1242 1007 1446 1090; x_wconf 79' lang='grc' dir='ltr'><strong><em>αὐτὸς</em></strong></span> <span class='ocrx_word' id='word_1_67' title='bbox 1479 1010 1955 1090; x_wconf 87' lang='grc' dir='ltr'><strong><em>πεπιστευκώς.</em></strong></span> <span class='ocrx_word' id='word_1_68' title='bbox 2029 1008 2071 1077; x_wconf 95' lang='lat'><strong><em>6</em></strong></span> <span class='ocrx_word' id='word_1_69' title='bbox 2104 1011 2182 1077; x_wconf 74' lang='grc' dir='ltr'><strong><em>δὲ</em></strong></span> <span class='ocrx_word' id='word_1_70' title='bbox 2221 1015 2334 1078; x_wconf 84' lang='grc' dir='ltr'><strong><em>καὶ</em></strong></span> 
     </span>
     <span class='ocr_line' id='line_1_10' title="bbox 316 1101 2334 1201; baseline -0.001 -22"><span class='ocrx_word' id='word_1_71' title='bbox 316 1118 767 1196; x_wconf 82' lang='grc' dir='ltr'><strong><em>Πτολεμαῖον,</em></strong></span> <span class='ocrx_word' id='word_1_72' title='bbox 813 1105 889 1190; x_wconf 89' lang='lat'>69</span> <span class='ocrx_word' id='word_1_73' title='bbox 917 1101 1004 1196; x_wconf 80' lang='grc' dir='ltr'><strong><em>ἦν</em></strong></span> <span class='ocrx_word' id='word_1_74' title='bbox 1050 1106 1234 1201; x_wconf 66' lang='grc' dir='ltr'><strong><em>αὐτῷ</em></strong></span> <span class='ocrx_word' id='word_1_75' title='bbox 1274 1106 1616 1195; x_wconf 82' lang='grc' dir='ltr'><strong><em>διοικητὴς</em></strong></span> <span class='ocrx_word' id='word_1_76' title='bbox 1662 1118 1801 1176; x_wconf 77' lang='grc' dir='ltr'><strong><em>τῶν</em></strong></span> <span class='ocrx_word' id='word_1_77' title='bbox 1838 1118 1953 1195; x_wconf 85' lang='grc' dir='ltr'><strong><em>τῆς</em></strong></span> <span class='ocrx_word' id='word_1_78' title='bbox 1974 1117 2334 1197; x_wconf 85' lang='grc' dir='ltr'><strong><em>βασιλείας</em></strong></span> 
     </span>
     <span class='ocr_line' id='line_1_11' title="bbox 317 1204 2412 1305; baseline -0.004 -27"><span class='ocrx_word' id='word_1_79' title='bbox 317 1207 759 1298; x_wconf 87' lang='grc' dir='ltr'><strong><em>πραγμάτων,</em></strong></span> <span class='ocrx_word' id='word_1_80' title='bbox 812 1204 1224 1305; x_wconf 86' lang='grc' dir='ltr'><strong><em>Ἀντιπάτρω</em></strong></span> <span class='ocrx_word' id='word_1_81' title='bbox 1266 1214 1579 1295; x_wconf 79' lang='grc' dir='ltr'><strong><em>συνίστη,</em></strong></span> <span class='ocrx_word' id='word_1_82' title='bbox 1651 1211 1763 1275; x_wconf 80' lang='grc' dir='ltr'><strong><em>καὶ</em></strong></span> <span class='ocrx_word' id='word_1_83' title='bbox 1794 1206 1956 1294; x_wconf 78' lang='grc' dir='ltr'><strong><em>μετὰ</em></strong></span> <span class='ocrx_word' id='word_1_84' title='bbox 1993 1214 2151 1295; x_wconf 83' lang='grc' dir='ltr'><strong><em>τῆς</em></strong></span> <span class='ocrx_word' id='word_1_85' title='bbox 2153 1210 2332 1276; x_wconf 81' lang='grc' dir='ltr'><strong><em>ἐκεί-</em></strong></span> <span class='ocrx_word' id='word_1_86' title='bbox 2364 1233 2412 1270; x_wconf 79' lang='grc' dir='ltr'><strong><em>ιο</em></strong></span> 
     </span>
     <span class='ocr_line' id='line_1_12' title="bbox 317 1303 2335 1427; baseline -0.001 -51"><span class='ocrx_word' id='word_1_87' title='bbox 317 1334 449 1376; x_wconf 91' lang='grc' dir='ltr'><strong><em>νου</em></strong></span> <span class='ocrx_word' id='word_1_88' title='bbox 488 1307 760 1427; x_wconf 79' lang='grc' dir='ltr'><strong><em>μητρὸς</em></strong></span> <span class='ocrx_word' id='word_1_89' title='bbox 766 1303 938 1394; x_wconf 77' lang='grc' dir='ltr'><strong><em>ὑπὲρ</em></strong></span> <span class='ocrx_word' id='word_1_90' title='bbox 963 1333 1101 1374; x_wconf 90' lang='grc' dir='ltr'><strong><em>των</em></strong></span> <span class='ocrx_word' id='word_1_91' title='bbox 1135 1307 1547 1393; x_wconf 80' lang='grc' dir='ltr'><strong><em>ἐπειγόντων</em></strong></span> <span class='ocrx_word' id='word_1_92' title='bbox 1578 1305 1997 1394; x_wconf 76' lang='grc' dir='ltr'><strong><em>ἐβουλεύετο.</em></strong></span> <span class='ocrx_word' id='word_1_93' title='bbox 2065 1308 2181 1374; x_wconf 86' lang='grc' dir='ltr'><strong><em>καὶ</em></strong></span> <span class='ocrx_word' id='word_1_94' title='bbox 2207 1333 2335 1374; x_wconf 87' lang='grc' dir='ltr'><strong><em>κα-</em></strong></span> 
     </span>
     <span class='ocr_line' id='line_1_13' title="bbox 317 1398 2333 1494; baseline -0.001 -18"><span class='ocrx_word' id='word_1_95' title='bbox 317 1408 539 1476; x_wconf 85' lang='grc' dir='ltr'><strong><em>θόλου</em></strong></span> <span class='ocrx_word' id='word_1_96' title='bbox 567 1406 647 1476; x_wconf 82' lang='grc' dir='ltr'><strong><em>τὰ</em></strong></span> <span class='ocrx_word' id='word_1_97' title='bbox 670 1404 886 1474; x_wconf 87' lang='grc' dir='ltr'><strong><em>πάντα</em></strong></span> <span class='ocrx_word' id='word_1_98' title='bbox 914 1399 1090 1494; x_wconf 82' lang='grc' dir='ltr'><strong><em>ἦσαν</em></strong></span> <span class='ocrx_word' id='word_1_99' title='bbox 1117 1398 1341 1493; x_wconf 81' lang='grc' dir='ltr'><strong><em>οὗτοι,</em></strong></span> <span class='ocrx_word' id='word_1_100' title='bbox 1394 1406 1506 1473; x_wconf 88' lang='grc' dir='ltr'><strong><em>καὶ</em></strong></span> <span class='ocrx_word' id='word_1_101' title='bbox 1547 1405 1863 1492; x_wconf 88' lang='grc' dir='ltr'><strong><em>πράττειν</em></strong></span> <span class='ocrx_word' id='word_1_102' title='bbox 1891 1403 2019 1473; x_wconf 80' lang='grc' dir='ltr'><strong><em>ὅσα</em></strong></span> <span class='ocrx_word' id='word_1_103' title='bbox 2036 1409 2333 1494; x_wconf 81' lang='grc' dir='ltr'><strong><em>θέλοιεν,</em></strong></span> 
     </span>
     <span class='ocr_line' id='line_1_14' title="bbox 320 1503 2336 1593; baseline -0.001 -18"><span class='ocrx_word' id='word_1_104' title='bbox 320 1512 429 1575; x_wconf 82' lang='grc' dir='ltr'><strong><em>καὶ</em></strong></span> <span class='ocrx_word' id='word_1_105' title='bbox 475 1505 672 1593; x_wconf 80' lang='grc' dir='ltr'><strong><em>πρὸς</em></strong></span> <span class='ocrx_word' id='word_1_106' title='bbox 661 1503 1086 1574; x_wconf 63' lang='grc' dir='ltr'><strong><em>δύσνοιαν”</em></strong></span> <span class='ocrx_word' id='word_1_107' title='bbox 1042 1531 1235 1592; x_wconf 90' lang='grc' dir='ltr'><strong><em>αγειν</em></strong></span> <span class='ocrx_word' id='word_1_108' title='bbox 1262 1504 1384 1573; x_wconf 81' lang='grc' dir='ltr'><strong><em>τὸν</em></strong></span> <span class='ocrx_word' id='word_1_109' title='bbox 1404 1507 1678 1593; x_wconf 85' lang='grc' dir='ltr'><strong><em>βασιλέα</em></strong></span> <span class='ocrx_word' id='word_1_110' title='bbox 1709 1531 1844 1573; x_wconf 90' lang='grc' dir='ltr'><strong><em>των</em></strong></span> <span class='ocrx_word' id='word_1_111' title='bbox 1868 1504 2189 1586; x_wconf 77' lang='grc' dir='ltr'><strong><em>έξωθεν“</em></strong></span> <span class='ocrx_word' id='word_1_112' title='bbox 2146 1526 2336 1585; x_wconf 85' lang='grc' dir='ltr'><strong><em>οσοις</em></strong></span> 
     </span>
     <span class='ocr_line' id='line_1_15' title="bbox 320 1602 2334 1692; baseline -0 -18"><span class='ocrx_word' id='word_1_113' title='bbox 320 1602 541 1674; x_wconf 80' lang='grc' dir='ltr'><strong><em>ἐδόκει</em></strong></span> <span class='ocrx_word' id='word_1_114' title='bbox 587 1602 980 1692; x_wconf 83' lang='grc' dir='ltr'><strong><em>συμφέρειν.</em></strong></span> <span class='ocrx_word' id='word_1_115' title='bbox 1037 1602 1130 1671; x_wconf 80' lang='grc' dir='ltr'><strong><em>οἰ</em></strong></span> <span class='ocrx_word' id='word_1_116' title='bbox 1178 1604 1244 1672; x_wconf 88' lang='grc' dir='ltr'><strong><em>δ’</em></strong></span> <span class='ocrx_word' id='word_1_117' title='bbox 1266 1607 1371 1671; x_wconf 56' lang='grc' dir='ltr'><strong><em>*ἐκ</em></strong></span> <span class='ocrx_word' id='word_1_118' title='bbox 1411 1611 1529 1691; x_wconf 82' lang='grc' dir='ltr'><strong><em>τῆς</em></strong></span> <span class='ocrx_word' id='word_1_119' title='bbox 1570 1604 1982 1691; x_wconf 79' lang='grc' dir='ltr'><strong><em>Μαριάμμης</em></strong></span> <span class='ocrx_word' id='word_1_120' title='bbox 2028 1606 2334 1691; x_wconf 85' lang='grc' dir='ltr'><strong><em>χαλεπώ-</em></strong></span> 
     </span>
     <span class='ocr_line' id='line_1_16' title="bbox 317 1698 2413 1790; baseline 0 -20"><span class='ocrx_word' id='word_1_121' title='bbox 317 1728 517 1790; x_wconf 90' lang='grc' dir='ltr'><strong><em>τερον</em></strong></span> <span class='ocrx_word' id='word_1_122' title='bbox 568 1698 671 1769; x_wconf 80' lang='grc' dir='ltr'><strong><em>ἀεὶ</em></strong></span> <span class='ocrx_word' id='word_1_123' title='bbox 712 1705 1119 1789; x_wconf 87' lang='grc' dir='ltr'><strong><em>διετίθεντο,</em></strong></span> <span class='ocrx_word' id='word_1_124' title='bbox 1174 1704 1289 1770; x_wconf 88' lang='grc' dir='ltr'><strong><em>καὶ·</em></strong></span> <span class='ocrx_word' id='word_1_125' title='bbox 1336 1700 1461 1788; x_wconf 83' lang='grc' dir='ltr'><strong><em>τὴν</em></strong></span> <span class='ocrx_word' id='word_1_126' title='bbox 1504 1698 1773 1789; x_wconf 82' lang='grc' dir='ltr'><strong><em>ἀτιμίαν</em></strong></span> <span class='ocrx_word' id='word_1_127' title='bbox 1804 1700 1938 1772; x_wconf 77' lang='grc' dir='ltr'><strong><em>’ὑπ’</em></strong></span> <span class='ocrx_word' id='word_1_128' title='bbox 1989 1700 2330 1789; x_wconf 75' lang='grc' dir='ltr'><strong><em>εὐγενείας</em></strong></span> <span class='ocrx_word' id='word_1_129' title='bbox 2367 1732 2413 1771; x_wconf 70' lang='grc'><strong><em>15</em></strong></span> 
     </span>
     <span class='ocr_line' id='line_1_17' title="bbox 319 1798 2328 1888; baseline 0 -19"><span class='ocrx_word' id='word_1_130' title='bbox 319 1798 448 1869; x_wconf 84' lang='grc' dir='ltr'><strong><em>οῦκ</em></strong></span> <span class='ocrx_word' id='word_1_131' title='bbox 489 1805 740 1887; x_wconf 81' lang='grc' dir='ltr'><strong><em>ἔφερον</em></strong></span> <span class='ocrx_word' id='word_1_132' title='bbox 768 1802 1231 1887; x_wconf 79' lang='grc' dir='ltr'><strong><em>παρεωσμένοι</em></strong></span> <span class='ocrx_word' id='word_1_133' title='bbox 1260 1801 1373 1868; x_wconf 86' lang='grc' dir='ltr'><strong><em>καὶ</em></strong></span> <span class='ocrx_word' id='word_1_134' title='bbox 1399 1802 1588 1881; x_wconf 81' lang='grc' dir='ltr'><strong><em>τάξιν</em></strong></span> <span class='ocrx_word' id='word_1_135' title='bbox 1611 1799 2009 1888; x_wconf 82' lang='grc' dir='ltr'><strong><em>ἀτιμοτέραν</em></strong></span> <span class='ocrx_word' id='word_1_136' title='bbox 2046 1806 2328 1888; x_wconf 81' lang='grc' dir='ltr'><strong><em>ἔχοντες,</em></strong></span> 
     </span>
    </p>

    <p class='ocr_par' dir='ltr' id='par_1_4' title="bbox 245 1890 2412 2293">
     <span class='ocr_line' id='line_1_18' title="bbox 245 1890 2331 2018; baseline -0.001 -46"><span class='ocrx_word' id='word_1_137' title='bbox 245 1971 252 1979; x_wconf 79' lang='grc'><strong><em>,</em></strong></span> <span class='ocrx_word' id='word_1_138' title='bbox 317 1909 393 1973; x_wconf 87' lang='grc' dir='ltr'><strong><em>αι</em></strong></span> <span class='ocrx_word' id='word_1_139' title='bbox 441 1929 518 1991; x_wconf 88' lang='grc' dir='ltr'><strong><em>γε</em></strong></span> <span class='ocrx_word' id='word_1_140' title='bbox 574 1901 709 1991; x_wconf 82' lang='grc' dir='ltr'><strong><em>μὴν</em></strong></span> <span class='ocrx_word' id='word_1_141' title='bbox 759 1915 1105 1991; x_wconf 86' lang='grc' dir='ltr'><strong><em>γυναῖκες,</em></strong></span> <span class='ocrx_word' id='word_1_142' title='bbox 1165 1900 1205 1991; x_wconf 81' lang='grc' dir='ltr'><em>ἡ</em></span> <span class='ocrx_word' id='word_1_143' title='bbox 1263 1902 1386 1991; x_wconf 77' lang='grc' dir='ltr'><strong><em>μὲν</em></strong></span> <span class='ocrx_word' id='word_1_144' title='bbox 1435 1890 1851 2018; x_wconf 71' lang='grc' dir='ltr'><strong><em>ᾈλεξάνδρω</em></strong></span> <span class='ocrx_word' id='word_1_145' title='bbox 1891 1909 2331 1992; x_wconf 78' lang='grc' dir='ltr'><strong><em>συνοικοῦσα,</em></strong></span> 
     </span>
     <span class='ocr_line' id='line_1_19' title="bbox 317 2002 2334 2124; baseline -0.002 -47"><span class='ocrx_word' id='word_1_146' title='bbox 317 2007 629 2110; x_wconf 77' lang='grc' dir='ltr'><strong><em>θυγάτηρ</em></strong></span> <span class='ocrx_word' id='word_1_147' title='bbox 659 2002 1017 2124; x_wconf 80' lang='grc' dir='ltr'><strong><em>Ἀρχελάου</em></strong></span> <span class='ocrx_word' id='word_1_148' title='bbox 1053 2006 1424 2093; x_wconf 82' lang='grc' dir='ltr'><strong><em>Γλαφύρα,</em></strong></span> <span class='ocrx_word' id='word_1_149' title='bbox 1466 2019 1660 2090; x_wconf 84' lang='grc' dir='ltr'><strong><em>μῖσος</em></strong></span> <span class='ocrx_word' id='word_1_150' title='bbox 1687 2002 1861 2091; x_wconf 80' lang='grc' dir='ltr'><strong><em>εἶχεν</em></strong></span> <span class='ocrx_word' id='word_1_151' title='bbox 1898 2010 1991 2086; x_wconf 85' lang='grc' dir='ltr'><strong><em>εἰς</em></strong></span> <span class='ocrx_word' id='word_1_152' title='bbox 2022 2006 2148 2092; x_wconf 90' lang='grc' dir='ltr'><strong><em>τὴν</em></strong></span> <span class='ocrx_word' id='word_1_153' title='bbox 2189 2015 2334 2074; x_wconf 85' lang='grc' dir='ltr'><strong><em>Σα-</em></strong></span> 
     </span>
     <span class='ocr_line' id='line_1_20' title="bbox 320 2095 2333 2225; baseline -0.001 -51"><span class='ocrx_word' id='word_1_154' title='bbox 320 2097 555 2225; x_wconf 76' lang='grc' dir='ltr'><strong><em>λώμην</em></strong></span> <span class='ocrx_word' id='word_1_155' title='bbox 598 2104 765 2172; x_wconf 88' lang='grc' dir='ltr'><strong><em>κατά</em></strong></span> <span class='ocrx_word' id='word_1_156' title='bbox 806 2114 880 2173; x_wconf 87' lang='grc' dir='ltr'><strong><em>τε</em></strong></span> <span class='ocrx_word' id='word_1_157' title='bbox 917 2101 1043 2191; x_wconf 83' lang='grc' dir='ltr'><strong><em>τὴν</em></strong></span> <span class='ocrx_word' id='word_1_158' title='bbox 1085 2102 1256 2193; x_wconf 85' lang='grc' dir='ltr'><strong><em>πρὸς</em></strong></span> <span class='ocrx_word' id='word_1_159' title='bbox 1284 2103 1408 2172; x_wconf 84' lang='grc' dir='ltr'><strong><em>τὸν</em></strong></span> <span class='ocrx_word' id='word_1_160' title='bbox 1435 2099 1657 2192; x_wconf 88' lang='grc' dir='ltr'><strong><em>άνδρα</em></strong></span> <span class='ocrx_word' id='word_1_161' title='bbox 1698 2095 2012 2172; x_wconf 87' lang='grc' dir='ltr'><strong><em>διάθεσιν</em></strong></span> <span class='ocrx_word' id='word_1_162' title='bbox 2049 2101 2178 2172; x_wconf 89' lang='grc' dir='ltr'><strong><em>κάκ</em></strong></span> <span class='ocrx_word' id='word_1_163' title='bbox 2208 2111 2333 2172; x_wconf 89' lang='grc' dir='ltr'><strong><em>τοῦ</em></strong></span> 
     </span>
     <span class='ocr_line' id='line_1_21' title="bbox 322 2199 2412 2321; baseline -0.001 -49"><span class='ocrx_word' id='word_1_164' title='bbox 322 2204 490 2293; x_wconf 83' lang='grc' dir='ltr'><strong><em>πρὸς</em></strong></span> <span class='ocrx_word' id='word_1_165' title='bbox 544 2201 669 2291; x_wconf 77' lang='grc' dir='ltr'><strong><em>τὴν</em></strong></span> <span class='ocrx_word' id='word_1_166' title='bbox 725 2205 1002 2321; x_wconf 79' lang='grc' dir='ltr'><strong><em>ἐκείνης</em></strong></span> <span class='ocrx_word' id='word_1_167' title='bbox 1032 2205 1378 2291; x_wconf 79' lang='grc' dir='ltr'><strong><em>θυγατέρα</em></strong></span> <span class='ocrx_word' id='word_1_168' title='bbox 1430 2206 1658 2270; x_wconf 82' lang='grc' dir='ltr'><strong><em>δοκεῖν</em></strong></span> <span class='ocrx_word' id='word_1_169' title='bbox 1713 2199 2331 2291; x_wconf 71' lang='grc' dir='ltr'><strong><em>ὑπερηφανώτερον</em></strong></span> <span class='ocrx_word' id='word_1_170' title='bbox 2360 2228 2412 2268; x_wconf 73' lang='lat'><strong><em>20</em></strong></span> 
     </span>
    </p>

    <p class='ocr_par' dir='ltr' id='par_1_5' title="bbox 201 2297 2331 2487">
     <span class='ocr_line' id='line_1_22' title="bbox 201 2297 2331 2402; baseline -0.001 -31"><span class='ocrx_word' id='word_1_171' title='bbox 201 2331 208 2340; x_wconf 95' lang='lat'><strong>·</strong></span> <span class='ocrx_word' id='word_1_172' title='bbox 321 2297 736 2371; x_wconf 84' lang='grc' dir='ltr'><strong><em>διακεῖσθαι·</em></strong></span> <span class='ocrx_word' id='word_1_173' title='bbox 794 2302 1086 2394; x_wconf 88' lang='grc' dir='ltr'><strong><em>συνώκει</em></strong></span> <span class='ocrx_word' id='word_1_174' title='bbox 1140 2305 1266 2389; x_wconf 77' lang='grc' dir='ltr'><strong><em>μὲν</em></strong></span> <span class='ocrx_word' id='word_1_175' title='bbox 1320 2306 1447 2391; x_wconf 84' lang='grc' dir='ltr'><strong><em>γὰρ</em></strong></span> <span class='ocrx_word' id='word_1_176' title='bbox 1476 2301 2017 2402; x_wconf 74' lang='grc' dir='ltr'><strong><em>Ἀριστοβούλῳ,</em></strong></span> <span class='ocrx_word' id='word_1_177' title='bbox 2076 2329 2217 2389; x_wconf 91' lang='grc' dir='ltr'><strong><em>την</em></strong></span> <span class='ocrx_word' id='word_1_178' title='bbox 2257 2305 2331 2396; x_wconf 78' lang='grc' dir='ltr'><strong><em>δὲ</em></strong></span> 
     </span>
     <span class='ocr_line' id='line_1_23' title="bbox 322 2398 1814 2488; baseline 0 -21"><span class='ocrx_word' id='word_1_179' title='bbox 322 2405 653 2488; x_wconf 83' lang='grc' dir='ltr'><strong><em>ἰσοτιμίαν</em></strong></span> <span class='ocrx_word' id='word_1_180' title='bbox 692 2399 898 2487; x_wconf 83' lang='grc' dir='ltr'><strong><em>αὐτῆς</em></strong></span> <span class='ocrx_word' id='word_1_181' title='bbox 937 2398 1381 2486; x_wconf 81' lang='grc' dir='ltr'><strong><em>ἀνηξιοπάθει</em></strong></span> <span class='ocrx_word' id='word_1_182' title='bbox 1422 2400 1814 2487; x_wconf 84' lang='grc' dir='ltr'><strong><em>Γλαφύρα</em></strong></span> 
     </span>
    </p>

    <p class='ocr_par' dir='ltr' id='par_1_6' title="bbox 247 2490 2329 2587">
     <span class='ocr_line' id='line_1_24' title="bbox 247 2490 2329 2587; baseline 0.001 -21"><span class='ocrx_word' id='word_1_183' title='bbox 247 2513 283 2566; x_wconf 81' lang='lat'><strong>3</strong></span> <span class='ocrx_word' id='word_1_184' title='bbox 486 2500 804 2585; x_wconf 80' lang='grc' dir='ltr'><strong><em>δευτέρας</em></strong></span> <span class='ocrx_word' id='word_1_185' title='bbox 836 2490 966 2567; x_wconf 80' lang='grc' dir='ltr'><strong><em>οὖν</em></strong></span> <span class='ocrx_word' id='word_1_186' title='bbox 1004 2497 1248 2585; x_wconf 86' lang='grc' dir='ltr'><strong><em>ταύτης</em></strong></span> <span class='ocrx_word' id='word_1_187' title='bbox 1284 2502 1506 2587; x_wconf 81' lang='grc' dir='ltr'><strong><em>ἔριδος</em></strong></span> <span class='ocrx_word' id='word_1_188' title='bbox 1544 2500 2059 2586; x_wconf 82' lang='grc' dir='ltr'><strong><em>ἐμπεπτωκυίας</em></strong></span> <span class='ocrx_word' id='word_1_189' title='bbox 2098 2499 2247 2570; x_wconf 79' lang='lat'>066²</span> <span class='ocrx_word' id='word_1_190' title='bbox 2293 2499 2329 2568; x_wconf 97' lang='lat'><strong><em>6</em></strong></span> 
     </span>
    </p>

    <p class='ocr_par' dir='ltr' id='par_1_7' title="bbox 243 2594 2487 3283">
     <span class='ocr_line' id='line_1_25' title="bbox 243 2594 2334 2690; baseline 0.001 -23"><span class='ocrx_word' id='word_1_191' title='bbox 243 2677 248 2681; x_wconf 73' lang='lat'>.</span> <span class='ocrx_word' id='word_1_192' title='bbox 320 2603 446 2667; x_wconf 88' lang='grc' dir='ltr'><strong><em>τοῦ</em></strong></span> <span class='ocrx_word' id='word_1_193' title='bbox 472 2599 796 2687; x_wconf 88' lang='grc' dir='ltr'><strong><em>βασιλέως</em></strong></span> <span class='ocrx_word' id='word_1_194' title='bbox 835 2594 1128 2685; x_wconf 82' lang='grc' dir='ltr'><strong><em>ἀδελφὸς</em></strong></span> <span class='ocrx_word' id='word_1_195' title='bbox 1158 2597 1479 2688; x_wconf 89' lang='grc' dir='ltr'><strong><em>Φερώρας</em></strong></span> <span class='ocrx_word' id='word_1_196' title='bbox 1519 2603 1642 2681; x_wconf 81' lang='grc' dir='ltr'><strong><em>ἔξω</em></strong></span> <span class='ocrx_word' id='word_1_197' title='bbox 1679 2607 1964 2690; x_wconf 85' lang='grc' dir='ltr'><strong><em>ταραχῆς</em></strong></span> <span class='ocrx_word' id='word_1_198' title='bbox 1986 2594 2115 2689; x_wconf 60' lang='grc' dir='ltr'><strong><em>ἦνῖ</em></strong></span> <span class='ocrx_word' id='word_1_199' title='bbox 2153 2607 2334 2671; x_wconf 75' lang='grc' dir='ltr'><strong><em>ἰδίαν</em></strong></span> 
     </span>
     <span class='ocr_line' id='line_1_26' title="bbox 321 2694 2487 2788; baseline 0.003 -21"><span class='ocrx_word' id='word_1_200' title='bbox 321 2699 394 2767; x_wconf 89' lang='grc' dir='ltr'><strong><em>δε</em></strong></span> <span class='ocrx_word' id='word_1_201' title='bbox 449 2694 789 2767; x_wconf 84' lang='grc' dir='ltr'><strong><em>ὑπόθεσιν</em></strong></span> <span class='ocrx_word' id='word_1_202' title='bbox 845 2695 1137 2783; x_wconf 83' lang='grc' dir='ltr'><strong><em>ὑποψίας</em></strong></span> <span class='ocrx_word' id='word_1_203' title='bbox 1191 2702 1306 2768; x_wconf 82' lang='grc' dir='ltr'><strong><em>καὶ</em></strong></span> <span class='ocrx_word' id='word_1_204' title='bbox 1346 2706 1583 2787; x_wconf 82' lang='grc' dir='ltr'><strong><em>μίσους</em></strong></span> <span class='ocrx_word' id='word_1_205' title='bbox 1645 2697 1850 2787; x_wconf 81' lang='grc' dir='ltr'><strong><em>εἶχεν·</em></strong></span> <span class='ocrx_word' id='word_1_206' title='bbox 1909 2700 2327 2788; x_wconf 74' lang='grc' dir='ltr'><strong><em>ἐμπεπτώκει</em></strong></span> <span class='ocrx_word' id='word_1_207' title='bbox 2358 2724 2407 2766; x_wconf 75' lang='lat'><strong><em>2⁵</em></strong></span> <span class='ocrx_word' id='word_1_208' title='bbox 2486 2771 2487 2774; x_wconf 74' lang='grc'><strong><em>,</em></strong></span> 
     </span>
     <span class='ocr_line' id='line_1_27' title="bbox 320 2785 2487 2892; baseline 0.003 -27"><span class='ocrx_word' id='word_1_209' title='bbox 320 2798 445 2884; x_wconf 77' lang='grc' dir='ltr'><strong><em>μὲν</em></strong></span> <span class='ocrx_word' id='word_1_210' title='bbox 478 2794 606 2885; x_wconf 75' lang='grc' dir='ltr'><strong><em>γὰρ</em></strong></span> <span class='ocrx_word' id='word_1_211' title='bbox 639 2802 731 2878; x_wconf 83' lang='grc' dir='ltr'><strong><em>εἰς</em></strong></span> <span class='ocrx_word' id='word_1_212' title='bbox 760 2800 973 2886; x_wconf 82' lang='grc' dir='ltr'><strong><em>ἔρωτα</em></strong></span> <span class='ocrx_word' id='word_1_213' title='bbox 1000 2799 1461 2887; x_wconf 84' lang='grc' dir='ltr'><strong><em>δουλευούσης</em></strong></span> <span class='ocrx_word' id='word_1_214' title='bbox 1487 2797 1673 2867; x_wconf 83' lang='grc' dir='ltr'><strong><em>αῦτω</em></strong></span> <span class='ocrx_word' id='word_1_215' title='bbox 1704 2804 2047 2892; x_wconf 78' lang='grc' dir='ltr'><strong><em>γυναικός,</em></strong></span> <span class='ocrx_word' id='word_1_216' title='bbox 2091 2801 2331 2890; x_wconf 81' lang='grc' dir='ltr'><strong><em>ἥττητο</em></strong></span> <span class='ocrx_word' id='word_1_217' title='bbox 2486 2785 2487 2802; x_wconf 34' lang='lat'>¹</span> 
     </span>
     <span class='ocr_line' id='line_1_28' title="bbox 322 2891 2335 2990; baseline 0.002 -25"><span class='ocrx_word' id='word_1_218' title='bbox 322 2898 397 2965; x_wconf 72' lang='grc' dir='ltr'><strong><em>δὲ</em></strong></span> <span class='ocrx_word' id='word_1_219' title='bbox 425 2902 542 2983; x_wconf 81' lang='grc' dir='ltr'><strong><em>τῆς</em></strong></span> <span class='ocrx_word' id='word_1_220' title='bbox 581 2891 959 2988; x_wconf 87' lang='grc' dir='ltr'><strong><em>ἀνθρώπου</em></strong></span> <span class='ocrx_word' id='word_1_221' title='bbox 992 2897 1421 2987; x_wconf 88' lang='grc' dir='ltr'><strong><em>μεμηνότως,</em></strong></span> <span class='ocrx_word' id='word_1_222' title='bbox 1461 2900 1570 2967; x_wconf 79' lang='grc' dir='ltr'><strong><em>ἐπὶ</em></strong></span> <span class='ocrx_word' id='word_1_223' title='bbox 1596 2906 1927 2990; x_wconf 90' lang='grc' dir='ltr'><strong><em>τοσοῦτον</em></strong></span> <span class='ocrx_word' id='word_1_224' title='bbox 1955 2901 2335 2989; x_wconf 86' lang='grc' dir='ltr'><strong><em>κρατούμε-</em></strong></span> 
     </span>
     <span class='ocr_line' id='line_1_29' title="bbox 320 2983 2333 3088; baseline 0.004 -26"><span class='ocrx_word' id='word_1_225' title='bbox 320 3021 441 3075; x_wconf 90' lang='grc' dir='ltr'><strong><em>νος</em></strong></span> <span class='ocrx_word' id='word_1_226' title='bbox 471 2993 631 3062; x_wconf 80' lang='grc' dir='ltr'><strong><em>ωστ’</em></strong></span> <span class='ocrx_word' id='word_1_227' title='bbox 659 2990 845 3084; x_wconf 88' lang='grc' dir='ltr'><strong><em>αύτω</em></strong></span> <span class='ocrx_word' id='word_1_228' title='bbox 877 2995 990 3064; x_wconf 87' lang='grc' dir='ltr'><strong><em>καὶ</em></strong></span> <span class='ocrx_word' id='word_1_229' title='bbox 1032 3002 1150 3083; x_wconf 82' lang='grc' dir='ltr'><strong><em>τῆς</em></strong></span> <span class='ocrx_word' id='word_1_230' title='bbox 1192 3004 1320 3065; x_wconf 88' lang='grc' dir='ltr'><strong><em>τοῦ</em></strong></span> <span class='ocrx_word' id='word_1_231' title='bbox 1362 2983 1687 3086; x_wconf 79' lang='grc' dir='ltr'><strong><em>βασιλέως</em></strong></span> <span class='ocrx_word' id='word_1_232' title='bbox 1727 3003 2171 3088; x_wconf 79' lang='grc' dir='ltr'><strong><em>ἐγγυηθείσης</em></strong></span> <span class='ocrx_word' id='word_1_233' title='bbox 2193 3011 2333 3069; x_wconf 85' lang='grc' dir='ltr'><strong><em>θυ-</em></strong></span> 
     </span>
     <span class='ocr_line' id='line_1_30' title="bbox 321 3091 2333 3186; baseline 0.003 -26"><span class='ocrx_word' id='word_1_234' title='bbox 321 3092 564 3179; x_wconf 81' lang='grc' dir='ltr'><strong><em>γατρὸς</em></strong></span> <span class='ocrx_word' id='word_1_235' title='bbox 585 3094 708 3179; x_wconf 85' lang='grc' dir='ltr'><strong><em>τὴν</em></strong></span> <span class='ocrx_word' id='word_1_236' title='bbox 738 3091 922 3180; x_wconf 61' lang='grc' dir='ltr'><strong><em>μέν’</em></strong></span> <span class='ocrx_word' id='word_1_237' title='bbox 884 3102 1442 3184; x_wconf 80' lang='grc' dir='ltr'><strong><em>υπερηφανῆσαι,</em></strong></span> <span class='ocrx_word' id='word_1_238' title='bbox 1469 3094 1637 3185; x_wconf 84' lang='grc' dir='ltr'><strong><em>πρὸς</em></strong></span> <span class='ocrx_word' id='word_1_239' title='bbox 1667 3099 1742 3166; x_wconf 79' lang='grc' dir='ltr'><strong><em>δὲ</em></strong></span> <span class='ocrx_word' id='word_1_240' title='bbox 1774 3099 1900 3186; x_wconf 83' lang='grc' dir='ltr'><strong><em>τὴν</em></strong></span> <span class='ocrx_word' id='word_1_241' title='bbox 1934 3099 2190 3186; x_wconf 84' lang='grc' dir='ltr'><strong><em>δούλην</em></strong></span> <span class='ocrx_word' id='word_1_242' title='bbox 2213 3097 2333 3167; x_wconf 82' lang='grc' dir='ltr'><strong><em>τὸν</em></strong></span> 
     </span>
     <span class='ocr_line' id='line_1_31' title="bbox 322 3188 2414 3283; baseline 0.007 -31"><span class='ocrx_word' id='word_1_243' title='bbox 322 3195 494 3255; x_wconf 83' lang='grc' dir='ltr'><strong><em>νοῦν</em></strong></span> <span class='ocrx_word' id='word_1_244' title='bbox 539 3188 732 3277; x_wconf 80' lang='grc' dir='ltr'><strong><em>εἶχεν.</em></strong></span> <span class='ocrx_word' id='word_1_245' title='bbox 816 3189 1064 3278; x_wconf 81' lang='grc' dir='ltr'><strong><em>ἤχθετο</em></strong></span> <span class='ocrx_word' id='word_1_246' title='bbox 1110 3195 1185 3261; x_wconf 76' lang='grc' dir='ltr'><strong><em>δὲ</em></strong></span> <span class='ocrx_word' id='word_1_247' title='bbox 1226 3190 1619 3281; x_wconf 82' lang='grc' dir='ltr'><strong><em>ἀτιμασθεὶς</em></strong></span> <span class='ocrx_word' id='word_1_248' title='bbox 1652 3192 1973 3283; x_wconf 90' lang='grc' dir='ltr'><strong><em>Ἡρώδης</em></strong></span> <span class='ocrx_word' id='word_1_249' title='bbox 1964 3223 2073 3264; x_wconf 89' lang='grc' dir='ltr'><strong><em>τω</em></strong></span> <span class='ocrx_word' id='word_1_250' title='bbox 2111 3196 2328 3266; x_wconf 81' lang='grc' dir='ltr'><strong><em>πολλὰ</em></strong></span> <span class='ocrx_word' id='word_1_251' title='bbox 2366 3227 2414 3268; x_wconf 72' lang='lat' dir='ltr'><strong><em>ao</em></strong></span> 
     </span>
    </p>

    <p class='ocr_par' dir='ltr' id='par_1_8' title="bbox 271 3284 2335 3485">
     <span class='ocr_line' id='line_1_32' title="bbox 271 3284 2334 3380; baseline 0.005 -26"><span class='ocrx_word' id='word_1_252' title='bbox 271 3349 276 3354; x_wconf 77' lang='grc'><strong>.</strong></span> <span class='ocrx_word' id='word_1_253' title='bbox 324 3284 446 3358; x_wconf 70' lang='grc' dir='ltr'><strong><em>μὲν</em></strong></span> <span class='ocrx_word' id='word_1_254' title='bbox 481 3284 914 3375; x_wconf 83' lang='grc' dir='ltr'><strong><em>εὐεργετῆσαι</em></strong></span> <span class='ocrx_word' id='word_1_255' title='bbox 946 3288 1067 3357; x_wconf 80' lang='grc' dir='ltr'><strong><em>τὸν</em></strong></span> <span class='ocrx_word' id='word_1_256' title='bbox 1110 3288 1444 3379; x_wconf 86' lang='grc' dir='ltr'><strong><em>ἀδελφόν,</em></strong></span> <span class='ocrx_word' id='word_1_257' title='bbox 1493 3294 1778 3380; x_wconf 86' lang='grc' dir='ltr'><strong><em>δυνάμει</em></strong></span> <span class='ocrx_word' id='word_1_258' title='bbox 1818 3294 1894 3362; x_wconf 76' lang='grc' dir='ltr'><strong><em>δὲ</em></strong></span> <span class='ocrx_word' id='word_1_259' title='bbox 1935 3297 2047 3363; x_wconf 81' lang='grc' dir='ltr'><strong><em>καὶ</em></strong></span> <span class='ocrx_word' id='word_1_260' title='bbox 2082 3315 2334 3364; x_wconf 81' lang='grc' dir='ltr'><strong><em>κοινω-</em></strong></span> 
     </span>
     <span class='ocr_line' id='line_1_33' title="bbox 323 3372 2335 3485; baseline 0.013 -47"><span class='ocrx_word' id='word_1_261' title='bbox 323 3372 448 3456; x_wconf 82' lang='grc' dir='ltr'><strong><em>νόν</em></strong></span> <span class='ocrx_word' id='word_1_262' title='bbox 496 3385 671 3463; x_wconf 82' lang='grc' dir='ltr'><strong><em>ἔχειν</em></strong></span> <span class='ocrx_word' id='word_1_263' title='bbox 709 3393 830 3472; x_wconf 70' lang='grc' dir='ltr'><strong><em>τῆς</em></strong></span> <span class='ocrx_word' id='word_1_264' title='bbox 868 3394 1239 3474; x_wconf 87' lang='grc' dir='ltr'><strong><em>βασιλείας,</em></strong></span> <span class='ocrx_word' id='word_1_265' title='bbox 1296 3388 1421 3475; x_wconf 78' lang='grc' dir='ltr'><strong><em>οὐχ</em></strong></span> <span class='ocrx_word' id='word_1_266' title='bbox 1466 3388 1705 3477; x_wconf 80' lang='grc' dir='ltr'><strong><em>ὅμοιον</em></strong></span> <span class='ocrx_word' id='word_1_267' title='bbox 1750 3398 1844 3473; x_wconf 85' lang='grc' dir='ltr'><strong><em>εἰς</em></strong></span> <span class='ocrx_word' id='word_1_268' title='bbox 1886 3393 2005 3475; x_wconf 78' lang='grc' dir='ltr'><strong><em>τὰς</em></strong></span> <span class='ocrx_word' id='word_1_269' title='bbox 2047 3393 2335 3485; x_wconf 80' lang='grc' dir='ltr'><strong><em>ἀμοιβὰς</em></strong></span> 
     </span>
    </p>
   </div>
   <div class='ocr_carea' id='block_1_3' title="bbox 2491 1819 2498 2472">
    <p class='ocr_par' dir='ltr' id='par_1_9' title="bbox 2491 1819 2498 2472">
     <span class='ocr_line' id='line_1_34' title="bbox 2491 1819 2498 2472; baseline 0 0"><span class='ocrx_word' id='word_1_270' title='bbox 2491 1819 2498 2472; x_wconf 95' lang='lat' dir='ltr'><strong><em> </em></strong></span> 
     </span>
    </p>
   </div>
  </div>
 </body>
</html>
