<?xml version="1.0" encoding="UTF-8"?>
<!DOCTYPE html PUBLIC "-//W3C//DTD XHTML 1.0 Transitional//EN"
    "http://www.w3.org/TR/xhtml1/DTD/xhtml1-transitional.dtd">
<html xmlns="http://www.w3.org/1999/xhtml" xml:lang="en" lang="en">
 <head>
  <title>
</title>
<meta http-equiv="Content-Type" content="text/html;charset=utf-8" />
  <meta name='ocr-system' content='tesseract 3.04.00' />
  <meta name='ocr-capabilities' content='ocr_page ocr_carea ocr_par ocr_line ocrx_word'/>
</head>
<body>
  <div class='ocr_page' id='page_1' title='image "./flaviiiosephiop00josegoog_0013.png"; bbox 0 0 2500 3882; ppageno 0'>
   <div class='ocr_carea' id='block_1_1' title="bbox 1049 136 2333 203">
    <p class='ocr_par' dir='ltr' id='par_1_1' title="bbox 1049 136 2333 203">
     <span class='ocr_line' id='line_1_1' title="bbox 1049 136 2333 203; baseline 0.005 -6"><span class='ocrx_word' id='word_1_1' title='bbox 1049 140 1530 200; x_wconf 83' lang='grc' dir='ltr'><em>ΕΝΔΕΚΑΤΗ</em></span> <span class='ocrx_word' id='word_1_2' title='bbox 2001 136 2006 141; x_wconf 13' lang='grc' dir='ltr'>Φ</span> <span class='ocrx_word' id='word_1_3' title='bbox 2142 186 2150 192; x_wconf 88' lang='grc'><strong>-</strong></span> <span class='ocrx_word' id='word_1_4' title='bbox 2241 144 2279 203; x_wconf 83' lang='grc'>3</span> <span class='ocrx_word' id='word_1_5' title='bbox 2324 183 2333 190; x_wconf 90' lang='grc'><strong>-</strong></span> 
     </span>
    </p>
   </div>
   <div class='ocr_carea' id='block_1_2' title="bbox 199 305 2316 1637">
    <p class='ocr_par' dir='ltr' id='par_1_2' title="bbox 273 305 2283 710">
     <span class='ocr_line' id='line_1_2' title="bbox 408 305 2276 406; baseline 0.004 -29"><span class='ocrx_word' id='word_1_6' title='bbox 408 305 778 398; x_wconf 83' lang='grc' dir='ltr'><strong><em>“βασιλεῦς</em></strong></span> <span class='ocrx_word' id='word_1_7' title='bbox 820 313 1051 399; x_wconf 88' lang='grc' dir='ltr'><strong><em>Κῦρος</em></strong></span> <span class='ocrx_word' id='word_1_8' title='bbox 1084 317 1332 400; x_wconf 82' lang='grc' dir='ltr'><strong><em>Σισίνῃ</em></strong></span> <span class='ocrx_word' id='word_1_9' title='bbox 1359 313 1474 380; x_wconf 84' lang='grc' dir='ltr'><strong><em>καὶ</em></strong></span> <span class='ocrx_word' id='word_1_10' title='bbox 1507 312 1965 403; x_wconf 72' lang='grc' dir='ltr'><em>Σαραβασάνῃ</em></span> <span class='ocrx_word' id='word_1_11' title='bbox 1997 321 2276 406; x_wconf 82' lang='grc' dir='ltr'><strong><em>χαίρειν.</em></strong></span> 
     </span>
     <span class='ocr_line' id='line_1_3' title="bbox 273 410 2279 507; baseline 0.003 -26"><span class='ocrx_word' id='word_1_12' title='bbox 273 410 622 483; x_wconf 79' lang='grc' dir='ltr'><em>Ἰουδαίων</em></span> <span class='ocrx_word' id='word_1_13' title='bbox 661 417 800 482; x_wconf 91' lang='grc' dir='ltr'><strong><em>τῶν</em></strong></span> <span class='ocrx_word' id='word_1_14' title='bbox 825 414 902 482; x_wconf 82' lang='grc' dir='ltr'><strong><em>ἐν</em></strong></span> <span class='ocrx_word' id='word_1_15' title='bbox 934 416 1017 504; x_wconf 79' lang='grc' dir='ltr'><strong><em>τῇ</em></strong></span> <span class='ocrx_word' id='word_1_16' title='bbox 1051 414 1175 503; x_wconf 80' lang='grc' dir='ltr'><strong><em>ἐμῇ</em></strong></span> <span class='ocrx_word' id='word_1_17' title='bbox 1206 413 1393 507; x_wconf 76' lang='grc' dir='ltr'><strong><em>χῶρᾳ</em></strong></span> <span class='ocrx_word' id='word_1_18' title='bbox 1425 415 1923 485; x_wconf 80' lang='grc' dir='ltr'><strong><em>κατοικούντων</em></strong></span> <span class='ocrx_word' id='word_1_19' title='bbox 1950 419 2279 507; x_wconf 76' lang='grc' dir='ltr'><strong><em>ἐπέτρεψα</em></strong></span> 
     </span>
     <span class='ocr_line' id='line_1_4' title="bbox 281 513 2280 610; baseline 0.003 -26"><span class='ocrx_word' id='word_1_20' title='bbox 281 531 417 597; x_wconf 79' lang='grc' dir='ltr'><strong><em>τοῖς</em></strong></span> <span class='ocrx_word' id='word_1_21' title='bbox 441 519 880 604; x_wconf 80' lang='grc' dir='ltr'><strong><em>βουλομένοις</em></strong></span> <span class='ocrx_word' id='word_1_22' title='bbox 913 521 1008 597; x_wconf 83' lang='grc' dir='ltr'><strong><em>εἰς</em></strong></span> <span class='ocrx_word' id='word_1_23' title='bbox 1039 513 1164 605; x_wconf 78' lang='grc' dir='ltr'><strong><em>τὴν</em></strong></span> <span class='ocrx_word' id='word_1_24' title='bbox 1209 521 1394 587; x_wconf 82' lang='grc' dir='ltr'><strong><em>ἰδίαν</em></strong></span> <span class='ocrx_word' id='word_1_25' title='bbox 1436 515 1813 587; x_wconf 78' lang='grc' dir='ltr'><strong><em>ἀπελθοῦσι</em></strong></span> <span class='ocrx_word' id='word_1_26' title='bbox 1841 526 2132 610; x_wconf 78' lang='grc' dir='ltr'><strong><em>πατρίδα</em></strong></span> <span class='ocrx_word' id='word_1_27' title='bbox 2155 522 2280 610; x_wconf 83' lang='grc' dir='ltr'><strong><em>τήν</em></strong></span> 
     </span>
     <span class='ocr_line' id='line_1_5' title="bbox 279 615 2283 710; baseline 0.003 -23"><span class='ocrx_word' id='word_1_28' title='bbox 279 645 353 688; x_wconf 88' lang='grc' dir='ltr'><strong><em>τε</em></strong></span> <span class='ocrx_word' id='word_1_29' title='bbox 390 617 593 689; x_wconf 85' lang='grc' dir='ltr'><strong><em>πόλιν</em></strong></span> <span class='ocrx_word' id='word_1_30' title='bbox 632 615 985 687; x_wconf 79' lang='grc' dir='ltr'><strong><em>ἀνακτίσαι</em></strong></span> <span class='ocrx_word' id='word_1_31' title='bbox 1029 621 1143 688; x_wconf 83' lang='grc' dir='ltr'><strong><em>καὶ</em></strong></span> <span class='ocrx_word' id='word_1_32' title='bbox 1191 617 1313 690; x_wconf 82' lang='grc' dir='ltr'><strong><em>τὸν</em></strong></span> <span class='ocrx_word' id='word_1_33' title='bbox 1349 619 1518 691; x_wconf 83' lang='grc' dir='ltr'><strong><em>ναὸν</em></strong></span> <span class='ocrx_word' id='word_1_34' title='bbox 1560 626 1995 710; x_wconf 79' lang='grc' dir='ltr'><strong><em>οἰκοδομῆσαι</em></strong></span> <span class='ocrx_word' id='word_1_35' title='bbox 2045 621 2166 693; x_wconf 82' lang='grc' dir='ltr'><strong><em>τὸν</em></strong></span> <span class='ocrx_word' id='word_1_36' title='bbox 2207 628 2283 692; x_wconf 84' lang='grc' dir='ltr'><strong><em>έν</em></strong></span> 
     </span>
    </p>

    <p class='ocr_par' dir='ltr' id='par_1_3' title="bbox 216 716 2316 1225">
     <span class='ocr_line' id='line_1_6' title="bbox 216 716 2281 814; baseline 0.005 -29"><span class='ocrx_word' id='word_1_37' title='bbox 216 744 247 785; x_wconf 71' lang='lat' dir='ltr'><strong>fi</strong></span> <span class='ocrx_word' id='word_1_38' title='bbox 270 717 753 812; x_wconf 86' lang='grc' dir='ltr'><strong><em>Ἱεροσολύμοις</em></strong></span> <span class='ocrx_word' id='word_1_39' title='bbox 790 726 911 791; x_wconf 89' lang='grc' dir='ltr'><strong><em>τοῦ</em></strong></span> <span class='ocrx_word' id='word_1_40' title='bbox 950 727 1158 809; x_wconf 89' lang='grc' dir='ltr'><strong><em>θεοῦ,</em></strong></span> <span class='ocrx_word' id='word_1_41' title='bbox 1201 724 1314 792; x_wconf 77' lang='grc' dir='ltr'><strong><em>ἐπὶ</em></strong></span> <span class='ocrx_word' id='word_1_42' title='bbox 1349 729 1472 794; x_wconf 91' lang='grc' dir='ltr'><strong><em>τοῦ</em></strong></span> <span class='ocrx_word' id='word_1_43' title='bbox 1513 720 1726 803; x_wconf 79' lang='grc' dir='ltr'><strong><em>αὐτοῦ</em></strong></span> <span class='ocrx_word' id='word_1_44' title='bbox 1771 724 1984 796; x_wconf 82' lang='grc' dir='ltr'><strong><em>τόπου</em></strong></span> <span class='ocrx_word' id='word_1_45' title='bbox 2030 723 2146 814; x_wconf 77' lang='grc' dir='ltr'><strong><em>ἐφ’</em></strong></span> <span class='ocrx_word' id='word_1_46' title='bbox 2197 716 2281 796; x_wconf 82' lang='grc' dir='ltr'><strong><em>οὗ</em></strong></span> 
     </span>
     <span class='ocr_line' id='line_1_7' title="bbox 283 824 2316 923; baseline 0.002 -29"><span class='ocrx_word' id='word_1_47' title='bbox 283 826 396 894; x_wconf 86' lang='grc' dir='ltr'><strong><em>καὶ</em></strong></span> <span class='ocrx_word' id='word_1_48' title='bbox 433 824 782 915; x_wconf 82' lang='grc' dir='ltr'><strong><em>πρότερον.</em></strong></span> <span class='ocrx_word' id='word_1_49' title='bbox 846 827 1238 914; x_wconf 82' lang='grc' dir='ltr'><strong><em>κατέπεμψα</em></strong></span> <span class='ocrx_word' id='word_1_50' title='bbox 1273 828 1362 896; x_wconf 81' lang='grc' dir='ltr'><strong><em>δέ</em></strong></span> <span class='ocrx_word' id='word_1_51' title='bbox 1385 854 1519 915; x_wconf 89' lang='grc' dir='ltr'><strong><em>μου</em></strong></span> <span class='ocrx_word' id='word_1_52' title='bbox 1556 829 1669 897; x_wconf 82' lang='grc' dir='ltr'><strong><em>καὶ</em></strong></span> <span class='ocrx_word' id='word_1_53' title='bbox 1706 825 1828 898; x_wconf 79' lang='grc' dir='ltr'><strong><em>τὸν</em></strong></span> <span class='ocrx_word' id='word_1_54' title='bbox 1851 828 2282 917; x_wconf 79' lang='grc' dir='ltr'><strong><em>γαζοφύλακα</em></strong></span> <span class='ocrx_word' id='word_1_55' title='bbox 2311 914 2316 923; x_wconf 20' lang='grc' dir='ltr'><em>θ</em></span> 
     </span>
     <span class='ocr_line' id='line_1_8' title="bbox 282 925 2276 1020; baseline 0.003 -23"><span class='ocrx_word' id='word_1_56' title='bbox 282 925 726 1018; x_wconf 70' lang='grc' dir='ltr'><strong><em>Μιθριδάτην</em></strong></span> <span class='ocrx_word' id='word_1_57' title='bbox 767 929 899 996; x_wconf 80' lang='grc' dir='ltr'><strong><em>καὶ·</em></strong></span> <span class='ocrx_word' id='word_1_58' title='bbox 920 928 1397 1018; x_wconf 77' lang='grc' dir='ltr'><strong><em>Ζοροβάβηλον</em></strong></span> <span class='ocrx_word' id='word_1_59' title='bbox 1438 928 1557 999; x_wconf 84' lang='grc' dir='ltr'><strong><em>τὸν</em></strong></span> <span class='ocrx_word' id='word_1_60' title='bbox 1594 927 1882 1020; x_wconf 78' lang='grc' dir='ltr'><strong><em>ἄρχοντα</em></strong></span> <span class='ocrx_word' id='word_1_61' title='bbox 1924 936 2065 1002; x_wconf 91' lang='grc' dir='ltr'><strong><em>τῶν</em></strong></span> <span class='ocrx_word' id='word_1_62' title='bbox 2109 929 2276 1002; x_wconf 84' lang='grc' dir='ltr'><strong><em>Ἰου-</em></strong></span> 
     </span>
     <span class='ocr_line' id='line_1_9' title="bbox 280 1032 2275 1120; baseline 0.003 -20"><span class='ocrx_word' id='word_1_63' title='bbox 280 1036 532 1117; x_wconf 82' lang='grc' dir='ltr'><strong><em>δαίων,</em></strong></span> <span class='ocrx_word' id='word_1_64' title='bbox 572 1035 690 1100; x_wconf 82' lang='grc' dir='ltr'><strong><em>ῗνα</em></strong></span> <span class='ocrx_word' id='word_1_65' title='bbox 722 1038 1082 1120; x_wconf 81' lang='grc' dir='ltr'><strong><em>θεμελίους</em></strong></span> <span class='ocrx_word' id='word_1_66' title='bbox 1121 1032 1460 1119; x_wconf 81' lang='grc' dir='ltr'><strong><em>βάλωνται</em></strong></span> <span class='ocrx_word' id='word_1_67' title='bbox 1493 1037 1615 1103; x_wconf 90' lang='grc' dir='ltr'><strong><em>τοῦ</em></strong></span> <span class='ocrx_word' id='word_1_68' title='bbox 1653 1040 1824 1111; x_wconf 80' lang='grc' dir='ltr'><strong><em>ναοῦ</em></strong></span> <span class='ocrx_word' id='word_1_69' title='bbox 1857 1036 1971 1103; x_wconf 82' lang='grc' dir='ltr'><strong><em>καὶ</em></strong></span> <span class='ocrx_word' id='word_1_70' title='bbox 2009 1040 2275 1106; x_wconf 82' lang='grc' dir='ltr'><strong><em>οἰκοδο-</em></strong></span> 
     </span>
     <span class='ocr_line' id='line_1_10' title="bbox 276 1130 2276 1225; baseline 0.002 -21"><span class='ocrx_word' id='word_1_71' title='bbox 276 1133 585 1223; x_wconf 81' lang='grc' dir='ltr'><strong><em>μήσωσιν</em></strong></span> <span class='ocrx_word' id='word_1_72' title='bbox 609 1131 851 1221; x_wconf 81' lang='grc' dir='ltr'><strong><em>αὐτόν,</em></strong></span> <span class='ocrx_word' id='word_1_73' title='bbox 878 1130 1051 1217; x_wconf 80' lang='grc' dir='ltr'><strong><em>ῦφος</em></strong></span> <span class='ocrx_word' id='word_1_74' title='bbox 1079 1134 1204 1222; x_wconf 73' lang='grc' dir='ltr'><strong><em>μὲν</em></strong></span> <span class='ocrx_word' id='word_1_75' title='bbox 1231 1134 1548 1223; x_wconf 81' lang='grc' dir='ltr'><strong><em>ἑξήκοντα</em></strong></span> <span class='ocrx_word' id='word_1_76' title='bbox 1575 1141 1842 1225; x_wconf 86' lang='grc' dir='ltr'><strong><em>πηχῶν,</em></strong></span> <span class='ocrx_word' id='word_1_77' title='bbox 1879 1142 2017 1211; x_wconf 86' lang='grc' dir='ltr'><strong><em>τῶν</em></strong></span> <span class='ocrx_word' id='word_1_78' title='bbox 2051 1136 2117 1208; x_wconf 83' lang='grc' dir='ltr'><strong><em>δ’</em></strong></span> <span class='ocrx_word' id='word_1_79' title='bbox 2150 1137 2276 1207; x_wconf 83' lang='grc' dir='ltr'><strong><em>αὐ-</em></strong></span> 
     </span>
    </p>

    <p class='ocr_par' dir='ltr' id='par_1_4' title="bbox 199 1228 2302 1637">
     <span class='ocr_line' id='line_1_11' title="bbox 199 1228 2278 1330; baseline 0.003 -25"><span class='ocrx_word' id='word_1_80' title='bbox 199 1264 246 1305; x_wconf 84' lang='grc' dir='ltr'><strong><em>ιο</em></strong></span> <span class='ocrx_word' id='word_1_81' title='bbox 275 1241 419 1309; x_wconf 85' lang='grc' dir='ltr'><strong><em>τῶν</em></strong></span> <span class='ocrx_word' id='word_1_82' title='bbox 459 1238 573 1305; x_wconf 84' lang='grc' dir='ltr'><strong><em>καὶ</em></strong></span> <span class='ocrx_word' id='word_1_83' title='bbox 605 1235 683 1308; x_wconf 85' lang='grc' dir='ltr'><strong><em>τὸ</em></strong></span> <span class='ocrx_word' id='word_1_84' title='bbox 721 1228 952 1327; x_wconf 78' lang='grc' dir='ltr'><strong><em>εὖρος,</em></strong></span> <span class='ocrx_word' id='word_1_85' title='bbox 983 1237 1343 1326; x_wconf 71' lang='grc' dir='ltr'><strong><em>λίθουμὲν</em></strong></span> <span class='ocrx_word' id='word_1_86' title='bbox 1368 1240 1601 1320; x_wconf 82' lang='grc' dir='ltr'><strong><em>ξεστοῦ</em></strong></span> <span class='ocrx_word' id='word_1_87' title='bbox 1625 1255 1806 1329; x_wconf 76' lang='grc' dir='ltr'><strong><em>τρεῖς</em></strong></span> <span class='ocrx_word' id='word_1_88' title='bbox 1844 1241 2278 1330; x_wconf 89' lang='grc' dir='ltr'><strong><em>ποιησάμενοι</em></strong></span> 
     </span>
     <span class='ocr_line' id='line_1_12' title="bbox 268 1336 2275 1431; baseline 0.001 -21"><span class='ocrx_word' id='word_1_89' title='bbox 268 1338 530 1428; x_wconf 78' lang='grc' dir='ltr'><strong><em>δόμους</em></strong></span> <span class='ocrx_word' id='word_1_90' title='bbox 564 1342 678 1410; x_wconf 82' lang='grc' dir='ltr'><strong><em>καὶ</em></strong></span> <span class='ocrx_word' id='word_1_91' title='bbox 715 1341 837 1409; x_wconf 77' lang='grc' dir='ltr'><strong><em>ἕνα</em></strong></span> <span class='ocrx_word' id='word_1_92' title='bbox 875 1339 1148 1423; x_wconf 82' lang='grc' dir='ltr'><strong><em>ξύλινον</em></strong></span> <span class='ocrx_word' id='word_1_93' title='bbox 1186 1338 1549 1430; x_wconf 73' lang='grc' dir='ltr'><strong><em>ἐγχώριον,</em></strong></span> <span class='ocrx_word' id='word_1_94' title='bbox 1594 1337 1839 1431; x_wconf 84' lang='grc' dir='ltr'><strong><em>ὁμοίως</em></strong></span> <span class='ocrx_word' id='word_1_95' title='bbox 1878 1342 1951 1411; x_wconf 74' lang='grc' dir='ltr'><strong><em>δὲ</em></strong></span> <span class='ocrx_word' id='word_1_96' title='bbox 1995 1345 2109 1413; x_wconf 89' lang='grc' dir='ltr'><strong><em>καὶ</em></strong></span> <span class='ocrx_word' id='word_1_97' title='bbox 2139 1336 2275 1413; x_wconf 78' lang='grc' dir='ltr'><strong><em>θυ-</em></strong></span> 
     </span>
     <span class='ocr_line' id='line_1_13' title="bbox 273 1432 2302 1539; baseline 0.001 -27"><span class='ocrx_word' id='word_1_98' title='bbox 273 1442 666 1532; x_wconf 80' lang='grc' dir='ltr'><strong><em>σιαστήριον</em></strong></span> <span class='ocrx_word' id='word_1_99' title='bbox 704 1439 820 1531; x_wconf 80' lang='grc' dir='ltr'><strong><em>ἐφ’</em></strong></span> <span class='ocrx_word' id='word_1_100' title='bbox 868 1432 953 1524; x_wconf 68' lang='grc' dir='ltr'><strong><em>οὗ</em></strong></span> <span class='ocrx_word' id='word_1_101' title='bbox 993 1442 1247 1513; x_wconf 85' lang='grc' dir='ltr'><strong><em>θύουσι</em></strong></span> <span class='ocrx_word' id='word_1_102' title='bbox 1289 1449 1383 1537; x_wconf 78' lang='grc' dir='ltr'><strong><em>τῷ</em></strong></span> <span class='ocrx_word' id='word_1_103' title='bbox 1414 1449 1580 1514; x_wconf 85' lang='grc' dir='ltr'><strong><em>θεῶ.</em></strong></span> <span class='ocrx_word' id='word_1_104' title='bbox 1646 1442 1772 1535; x_wconf 82' lang='grc' dir='ltr'><strong><em>τὴν</em></strong></span> <span class='ocrx_word' id='word_1_105' title='bbox 1814 1444 1889 1513; x_wconf 70' lang='grc' dir='ltr'><strong><em>δὲ</em></strong></span> <span class='ocrx_word' id='word_1_106' title='bbox 1931 1451 2027 1527; x_wconf 80' lang='grc' dir='ltr'><strong><em>εἰς</em></strong></span> <span class='ocrx_word' id='word_1_107' title='bbox 2068 1451 2302 1539; x_wconf 81' lang='grc' dir='ltr'><strong><em>ταῦτα</em></strong></span> 
     </span>
     <span class='ocr_line' id='line_1_14' title="bbox 275 1543 2279 1637; baseline 0.001 -22"><span class='ocrx_word' id='word_1_108' title='bbox 275 1543 595 1635; x_wconf 88' lang='grc' dir='ltr'><strong><em>δαπάνην</em></strong></span> <span class='ocrx_word' id='word_1_109' title='bbox 632 1550 708 1616; x_wconf 81' lang='grc' dir='ltr'><strong><em>ἐκ</em></strong></span> <span class='ocrx_word' id='word_1_110' title='bbox 753 1550 892 1615; x_wconf 86' lang='grc' dir='ltr'><strong><em>τῶν</em></strong></span> <span class='ocrx_word' id='word_1_111' title='bbox 934 1549 1225 1634; x_wconf 79' lang='grc' dir='ltr'><strong><em>ἐμαυτοῦ</em></strong></span> <span class='ocrx_word' id='word_1_112' title='bbox 1270 1549 1592 1633; x_wconf 80' lang='grc' dir='ltr'><strong><em>γενέσθαι</em></strong></span> <span class='ocrx_word' id='word_1_113' title='bbox 1631 1546 1977 1637; x_wconf 84' lang='grc' dir='ltr'><strong><em>βούλομαι.</em></strong></span> <span class='ocrx_word' id='word_1_114' title='bbox 2055 1551 2167 1616; x_wconf 81' lang='grc' dir='ltr'><strong><em>καὶ</em></strong></span> <span class='ocrx_word' id='word_1_115' title='bbox 2197 1577 2279 1618; x_wconf 90' lang='grc' dir='ltr'><strong><em>τα</em></strong></span> 
     </span>
    </p>
   </div>
   <div class='ocr_carea' id='block_1_3' title="bbox 274 1648 2433 1774">
    <p class='ocr_par' dir='ltr' id='par_1_5' title="bbox 274 1648 2433 1774">
     <span class='ocr_line' id='line_1_15' title="bbox 274 1648 2433 1774; baseline 0.003 -57"><span class='ocrx_word' id='word_1_116' title='bbox 274 1648 501 1741; x_wconf 85' lang='grc' dir='ltr'><strong><em>σκεύη</em></strong></span> <span class='ocrx_word' id='word_1_117' title='bbox 529 1651 640 1735; x_wconf 85' lang='grc' dir='ltr'><strong><em>δέ,</em></strong></span> <span class='ocrx_word' id='word_1_118' title='bbox 681 1677 723 1718; x_wconf 89' lang='grc' dir='ltr'><strong><em>α</em></strong></span> <span class='ocrx_word' id='word_1_119' title='bbox 763 1648 1088 1738; x_wconf 79' lang='grc' dir='ltr'><strong><em>ἐσύλησεν</em></strong></span> <span class='ocrx_word' id='word_1_120' title='bbox 1121 1653 1197 1721; x_wconf 79' lang='grc' dir='ltr'><strong><em>ἐκ</em></strong></span> <span class='ocrx_word' id='word_1_121' title='bbox 1229 1655 1354 1719; x_wconf 91' lang='grc' dir='ltr'><strong><em>τοῦ</em></strong></span> <span class='ocrx_word' id='word_1_122' title='bbox 1391 1655 1560 1720; x_wconf 89' lang='grc' dir='ltr'><strong><em>ναοῦ</em></strong></span> <span class='ocrx_word' id='word_1_123' title='bbox 1594 1650 2298 1774; x_wconf 82' lang='grc' dir='ltr'><strong><em>Ναβουχοδονόσορος·</em></strong></span> <span class='ocrx_word' id='word_1_124' title='bbox 2421 1725 2433 1732; x_wconf 67' lang='grc'>,</span> 
     </span>
    </p>
   </div>
   <div class='ocr_carea' id='block_1_4' title="bbox 52 1747 2348 3671">
    <p class='ocr_par' dir='ltr' id='par_1_6' title="bbox 192 1747 2279 2256">
     <span class='ocr_line' id='line_1_16' title="bbox 192 1747 2275 1875; baseline 0.002 -55"><span class='ocrx_word' id='word_1_125' title='bbox 192 1778 241 1820; x_wconf 79' lang='lat'><strong><em>15</em></strong></span> <span class='ocrx_word' id='word_1_126' title='bbox 275 1747 313 1821; x_wconf 85' lang='grc' dir='ltr'>ὁ</span> <span class='ocrx_word' id='word_1_127' title='bbox 344 1753 696 1840; x_wconf 87' lang='grc' dir='ltr'><strong><em>βασιλεύς,</em></strong></span> <span class='ocrx_word' id='word_1_128' title='bbox 726 1758 993 1840; x_wconf 82' lang='grc' dir='ltr'><strong><em>ἔπεμψα</em></strong></span> <span class='ocrx_word' id='word_1_129' title='bbox 1028 1750 1372 1844; x_wconf 74' lang='grc' dir='ltr'><strong><em>παραδούς</em></strong></span> <span class='ocrx_word' id='word_1_130' title='bbox 1412 1752 1814 1875; x_wconf 83' lang='grc' dir='ltr'><strong><em>Μιθριδάτῃ</em></strong></span> <span class='ocrx_word' id='word_1_131' title='bbox 1852 1759 1947 1822; x_wconf 90' lang='grc' dir='ltr'><strong><em>τῶ</em></strong></span> <span class='ocrx_word' id='word_1_132' title='bbox 1982 1756 2275 1843; x_wconf 83' lang='grc' dir='ltr'><strong><em>γαζοφύ-</em></strong></span> 
     </span>
     <span class='ocr_line' id='line_1_17' title="bbox 274 1823 2279 1952; baseline 0.001 -28"><span class='ocrx_word' id='word_1_133' title='bbox 274 1863 433 1924; x_wconf 84' lang='grc' dir='ltr'><strong><em>λακι</em></strong></span> <span class='ocrx_word' id='word_1_134' title='bbox 473 1857 587 1924; x_wconf 87' lang='grc' dir='ltr'><strong><em>καὶ</em></strong></span> <span class='ocrx_word' id='word_1_135' title='bbox 631 1853 1082 1952; x_wconf 83' lang='grc' dir='ltr'><strong><em>Ζοροβαβήλω</em></strong></span> <span class='ocrx_word' id='word_1_136' title='bbox 1121 1861 1216 1951; x_wconf 75' lang='grc' dir='ltr'><strong><em>τῷ</em></strong></span> <span class='ocrx_word' id='word_1_137' title='bbox 1258 1882 1527 1947; x_wconf 89' lang='grc' dir='ltr'><strong><em>αρχοντι</em></strong></span> <span class='ocrx_word' id='word_1_138' title='bbox 1570 1859 1709 1926; x_wconf 83' lang='grc' dir='ltr'><strong><em>τῶν</em></strong></span> <span class='ocrx_word' id='word_1_139' title='bbox 1742 1823 2197 1943; x_wconf 72' lang='grc' dir='ltr'><strong><em>Ἰουδαίων,“</em></strong></span> <span class='ocrx_word' id='word_1_140' title='bbox 2167 1887 2279 1928; x_wconf 88' lang='grc' dir='ltr'><strong><em>ινα</em></strong></span> 
     </span>
     <span class='ocr_line' id='line_1_18' title="bbox 275 1925 2279 2052; baseline 0 -24"><span class='ocrx_word' id='word_1_141' title='bbox 275 1966 764 2049; x_wconf 84' lang='grc' dir='ltr'><strong><em>διακομίσωσιν</em></strong></span> <span class='ocrx_word' id='word_1_142' title='bbox 791 1964 886 2040; x_wconf 74' lang='grc' dir='ltr'><strong><em>εἰς</em></strong></span> <span class='ocrx_word' id='word_1_143' title='bbox 917 1925 1341 2050; x_wconf 80' lang='grc' dir='ltr'><strong><em>Ἱεροσόλυμα</em></strong></span> <span class='ocrx_word' id='word_1_144' title='bbox 1370 1961 1483 2029; x_wconf 88' lang='grc' dir='ltr'><strong><em>καὶ</em></strong></span> <span class='ocrx_word' id='word_1_145' title='bbox 1510 1958 2144 2052; x_wconf 80' lang='grc' dir='ltr'><strong><em>ἀποκαταστήσωσιν</em></strong></span> <span class='ocrx_word' id='word_1_146' title='bbox 2184 1968 2279 2041; x_wconf 87' lang='grc' dir='ltr'><strong><em>είς</em></strong></span> 
     </span>
     <span class='ocr_line' id='line_1_19' title="bbox 269 2059 2277 2152; baseline -0.001 -18"><span class='ocrx_word' id='word_1_147' title='bbox 269 2060 395 2134; x_wconf 82' lang='grc' dir='ltr'><strong><em>τὸν</em></strong></span> <span class='ocrx_word' id='word_1_148' title='bbox 436 2059 621 2133; x_wconf 82' lang='grc' dir='ltr'><strong><em>ναὸν</em></strong></span> <span class='ocrx_word' id='word_1_149' title='bbox 629 2066 750 2132; x_wconf 87' lang='grc' dir='ltr'><strong><em>τοῦ</em></strong></span> <span class='ocrx_word' id='word_1_150' title='bbox 787 2066 979 2133; x_wconf 88' lang='grc' dir='ltr'><strong><em>θεοῦ.</em></strong></span> <span class='ocrx_word' id='word_1_151' title='bbox 1033 2092 1069 2132; x_wconf 89' lang='grc' dir='ltr'><strong><em>ο</em></strong></span> <span class='ocrx_word' id='word_1_152' title='bbox 1101 2063 1176 2133; x_wconf 74' lang='grc' dir='ltr'><strong><em>δὲ</em></strong></span> <span class='ocrx_word' id='word_1_153' title='bbox 1214 2060 1500 2152; x_wconf 82' lang='grc' dir='ltr'><strong><em>ἀριθμὸς</em></strong></span> <span class='ocrx_word' id='word_1_154' title='bbox 1525 2061 1756 2141; x_wconf 82' lang='grc' dir='ltr'><strong><em>αὐτῶν</em></strong></span> <span class='ocrx_word' id='word_1_155' title='bbox 1782 2065 1919 2132; x_wconf 80' lang='grc' dir='ltr'><strong><em>ἐστὶ</em></strong></span> <span class='ocrx_word' id='word_1_156' title='bbox 1944 2069 2277 2147; x_wconf 87' lang='grc' dir='ltr'><strong><em>τοσοῦτος,</em></strong></span> 
     </span>
     <span class='ocr_line' id='line_1_20' title="bbox 274 2162 2277 2256; baseline 0 -22"><span class='ocrx_word' id='word_1_157' title='bbox 274 2170 617 2254; x_wconf 81' lang='grc' dir='ltr'><strong><em>ψυκτῆρες</em></strong></span> <span class='ocrx_word' id='word_1_158' title='bbox 657 2164 924 2255; x_wconf 89' lang='grc' dir='ltr'><strong><em>χρύσεοι</em></strong></span> <span class='ocrx_word' id='word_1_159' title='bbox 967 2162 1415 2256; x_wconf 76' lang='grc' dir='ltr'><strong><em>πεντηκοντα,</em></strong></span> <span class='ocrx_word' id='word_1_160' title='bbox 1456 2163 1774 2254; x_wconf 84' lang='grc' dir='ltr'><strong><em>ἀργύρεοι</em></strong></span> <span class='ocrx_word' id='word_1_161' title='bbox 1831 2165 2277 2251; x_wconf 87' lang='grc' dir='ltr'><strong><em>πεντακόσιοι,</em></strong></span> 
     </span>
    </p>

    <p class='ocr_par' dir='ltr' id='par_1_7' title="bbox 186 2263 2348 2769">
     <span class='ocr_line' id='line_1_21' title="bbox 186 2263 2275 2358; baseline 0.002 -27"><span class='ocrx_word' id='word_1_162' title='bbox 186 2291 243 2331; x_wconf 75' lang='lat'><strong><em>2⁰</em></strong></span> <span class='ocrx_word' id='word_1_163' title='bbox 278 2274 662 2358; x_wconf 82' lang='grc' dir='ltr'><strong><em>Θηρίκλεια</em></strong></span> <span class='ocrx_word' id='word_1_164' title='bbox 670 2268 921 2357; x_wconf 90' lang='grc' dir='ltr'><strong><em>χρύσεα</em></strong></span> <span class='ocrx_word' id='word_1_165' title='bbox 956 2263 1498 2357; x_wconf 83' lang='grc' dir='ltr'><strong><em>τεσσαράκοντα,</em></strong></span> <span class='ocrx_word' id='word_1_166' title='bbox 1528 2265 1825 2357; x_wconf 85' lang='grc' dir='ltr'><strong><em>ἀργύρεα</em></strong></span> <span class='ocrx_word' id='word_1_167' title='bbox 1850 2267 2275 2354; x_wconf 86' lang='grc' dir='ltr'><strong><em>πεντακόσια,</em></strong></span> 
     </span>
     <span class='ocr_line' id='line_1_22' title="bbox 270 2367 2272 2495; baseline 0.001 -55"><span class='ocrx_word' id='word_1_168' title='bbox 270 2370 470 2441; x_wconf 89' lang='grc' dir='ltr'><strong><em>κάδοι</em></strong></span> <span class='ocrx_word' id='word_1_169' title='bbox 490 2370 759 2460; x_wconf 88' lang='grc' dir='ltr'><strong><em>χρύσεοι</em></strong></span> <span class='ocrx_word' id='word_1_170' title='bbox 781 2368 1218 2460; x_wconf 82' lang='grc' dir='ltr'><strong><em>πεντήκοντα,</em></strong></span> <span class='ocrx_word' id='word_1_171' title='bbox 1246 2367 1565 2495; x_wconf 75' lang='grc' dir='ltr'><strong><em>ἀργύρεοι</em></strong></span> <span class='ocrx_word' id='word_1_172' title='bbox 1591 2367 2042 2457; x_wconf 64' lang='grc' dir='ltr'><strong><em>πεντακόσιοι,</em></strong></span> <span class='ocrx_word' id='word_1_173' title='bbox 2069 2392 2272 2441; x_wconf 87' lang='grc' dir='ltr'><strong><em>σπον</em></strong></span> 
     </span>
     <span class='ocr_line' id='line_1_23' title="bbox 272 2470 2272 2564; baseline -0.001 -20"><span class='ocrx_word' id='word_1_174' title='bbox 272 2481 428 2545; x_wconf 81' lang='grc' dir='ltr'><strong><em>δεῖα</em></strong></span> <span class='ocrx_word' id='word_1_175' title='bbox 453 2473 703 2563; x_wconf 87' lang='grc' dir='ltr'><strong><em>χρύσεα</em></strong></span> <span class='ocrx_word' id='word_1_176' title='bbox 727 2475 1104 2563; x_wconf 85' lang='grc' dir='ltr'><strong><em>τριάκοντα,</em></strong></span> <span class='ocrx_word' id='word_1_177' title='bbox 1134 2470 1433 2564; x_wconf 84' lang='grc' dir='ltr'><strong><em>ἀργύρεα</em></strong></span> <span class='ocrx_word' id='word_1_178' title='bbox 1452 2473 1819 2563; x_wconf 82' lang='grc' dir='ltr'><strong><em>τριακόσια,</em></strong></span> <span class='ocrx_word' id='word_1_179' title='bbox 1851 2472 2084 2559; x_wconf 80' lang='grc' dir='ltr'><strong><em>φιάλαι</em></strong></span> <span class='ocrx_word' id='word_1_180' title='bbox 2107 2475 2272 2564; x_wconf 86' lang='grc' dir='ltr'><strong><em>χρύ-</em></strong></span> 
     </span>
     <span class='ocr_line' id='line_1_24' title="bbox 270 2574 2306 2667; baseline -0 -20"><span class='ocrx_word' id='word_1_181' title='bbox 270 2583 424 2648; x_wconf 74' lang='grc' dir='ltr'><strong><em>σεαι</em></strong></span> <span class='ocrx_word' id='word_1_182' title='bbox 452 2576 846 2665; x_wconf 88' lang='grc' dir='ltr'><strong><em>τριάκοντα,</em></strong></span> <span class='ocrx_word' id='word_1_183' title='bbox 879 2574 1205 2667; x_wconf 75' lang='grc' dir='ltr'><strong><em>ἀργύρεαι</em></strong></span> <span class='ocrx_word' id='word_1_184' title='bbox 1233 2581 1550 2664; x_wconf 86' lang='grc' dir='ltr'><strong><em>δισχίλιαι</em></strong></span> <span class='ocrx_word' id='word_1_185' title='bbox 1578 2575 2032 2667; x_wconf 89' lang='grc' dir='ltr'><strong><em>τετρακόσιαι,</em></strong></span> <span class='ocrx_word' id='word_1_186' title='bbox 2063 2578 2274 2665; x_wconf 88' lang='grc' dir='ltr'><strong><em>σκεύη</em></strong></span> <span class='ocrx_word' id='word_1_187' title='bbox 2299 2631 2306 2635; x_wconf 72' lang='lat'>-</span> 
     </span>
     <span class='ocr_line' id='line_1_25' title="bbox 273 2677 2348 2769; baseline -0.001 -20"><span class='ocrx_word' id='word_1_188' title='bbox 273 2707 347 2750; x_wconf 85' lang='grc' dir='ltr'><strong><em>τε</em></strong></span> <span class='ocrx_word' id='word_1_189' title='bbox 375 2678 544 2749; x_wconf 76' lang='grc' dir='ltr'><strong><em>ἄλλα</em></strong></span> <span class='ocrx_word' id='word_1_190' title='bbox 564 2678 820 2769; x_wconf 87' lang='grc' dir='ltr'><strong><em>μεγάλα</em></strong></span> <span class='ocrx_word' id='word_1_191' title='bbox 840 2687 1038 2768; x_wconf 72' lang='grc' dir='ltr'><strong><em>χίλια.</em></strong></span> <span class='ocrx_word' id='word_1_192' title='bbox 1054 2685 1397 2768; x_wconf 80' lang='grc' dir='ltr'><strong><em>’συγχωρῶ</em></strong></span> <span class='ocrx_word' id='word_1_193' title='bbox 1418 2680 1492 2748; x_wconf 74' lang='grc' dir='ltr'><strong><em>δὲ</em></strong></span> <span class='ocrx_word' id='word_1_194' title='bbox 1508 2677 1862 2760; x_wconf 79' lang='grc' dir='ltr'><strong><em>αὐτοῖςκαὶ</em></strong></span> <span class='ocrx_word' id='word_1_195' title='bbox 1877 2677 2001 2768; x_wconf 78' lang='grc' dir='ltr'><strong><em>τὴν</em></strong></span> <span class='ocrx_word' id='word_1_196' title='bbox 2019 2683 2093 2749; x_wconf 80' lang='grc' dir='ltr'><strong><em>ἐκ</em></strong></span> <span class='ocrx_word' id='word_1_197' title='bbox 2107 2709 2271 2766; x_wconf 82' lang='grc' dir='ltr'><strong><em>προ-</em></strong></span> <span class='ocrx_word' id='word_1_198' title='bbox 2332 2739 2348 2747; x_wconf 64' lang='grc'><em>,</em></span> 
     </span>
    </p>

    <p class='ocr_par' dir='ltr' id='par_1_8' title="bbox 52 2782 2276 2978">
     <span class='ocr_line' id='line_1_26' title="bbox 52 2782 2276 2873; baseline -0.001 -21"><span class='ocrx_word' id='word_1_199' title='bbox 52 2821 63 2870; x_wconf 75' lang='lat'><strong><em>¹:</em></strong></span> <span class='ocrx_word' id='word_1_200' title='bbox 186 2810 245 2852; x_wconf 75' lang='lat'><strong><em>25</em></strong></span> <span class='ocrx_word' id='word_1_201' title='bbox 277 2783 504 2871; x_wconf 87' lang='grc' dir='ltr'><strong><em>γόνων</em></strong></span> <span class='ocrx_word' id='word_1_202' title='bbox 529 2787 927 2873; x_wconf 80' lang='grc' dir='ltr'><strong><em>εἰθισμένην</em></strong></span> <span class='ocrx_word' id='word_1_203' title='bbox 949 2782 1181 2872; x_wconf 84' lang='grc' dir='ltr'><strong><em>τιμήν,</em></strong></span> <span class='ocrx_word' id='word_1_204' title='bbox 1219 2787 1485 2871; x_wconf 89' lang='grc' dir='ltr'><strong><em>κτηνῶν</em></strong></span> <span class='ocrx_word' id='word_1_205' title='bbox 1518 2785 1646 2852; x_wconf 66' lang='grc' dir='ltr'><strong><em>καὶ</em></strong></span> <span class='ocrx_word' id='word_1_206' title='bbox 1664 2793 1855 2853; x_wconf 74' lang='grc' dir='ltr'><strong><em>οἴνου</em></strong></span> <span class='ocrx_word' id='word_1_207' title='bbox 1893 2786 2006 2851; x_wconf 84' lang='grc' dir='ltr'><strong><em>καὶ</em></strong></span> <span class='ocrx_word' id='word_1_208' title='bbox 2045 2787 2276 2851; x_wconf 80' lang='grc' dir='ltr'><strong><em>ἐλαίου</em></strong></span> 
     </span>
     <span class='ocr_line' id='line_1_27' title="bbox 272 2885 2270 2978; baseline -0.001 -23"><span class='ocrx_word' id='word_1_209' title='bbox 272 2885 569 2975; x_wconf 80' lang='grc' dir='ltr'><strong><em>δραχμὰς</em></strong></span> <span class='ocrx_word' id='word_1_210' title='bbox 609 2896 822 2966; x_wconf 82' lang='grc' dir='ltr'><strong><em>εἴκοσι</em></strong></span> <span class='ocrx_word' id='word_1_211' title='bbox 860 2885 1190 2975; x_wconf 79' lang='grc' dir='ltr'><strong><em>μυριάδας</em></strong></span> <span class='ocrx_word' id='word_1_212' title='bbox 1226 2893 1761 2974; x_wconf 85' lang='grc' dir='ltr'><strong><em>πεντακισχιλίας</em></strong></span> <span class='ocrx_word' id='word_1_213' title='bbox 1806 2885 1917 2953; x_wconf 90' lang='grc' dir='ltr'><strong><em>καὶ</em></strong></span> <span class='ocrx_word' id='word_1_214' title='bbox 1948 2910 2270 2978; x_wconf 72' lang='grc' dir='ltr'><strong><em>πεντακο-</em></strong></span> 
     </span>
    </p>

    <p class='ocr_par' dir='ltr' id='par_1_9' title="bbox 264 2986 2306 3292">
     <span class='ocr_line' id='line_1_28' title="bbox 264 2986 2270 3080; baseline -0.001 -20"><span class='ocrx_word' id='word_1_215' title='bbox 264 2997 442 3075; x_wconf 89' lang='grc' dir='ltr'><strong><em>σίας,</em></strong></span> <span class='ocrx_word' id='word_1_216' title='bbox 461 2991 575 3059; x_wconf 85' lang='grc' dir='ltr'><strong><em>καὶ</em></strong></span> <span class='ocrx_word' id='word_1_217' title='bbox 596 2995 693 3070; x_wconf 87' lang='grc' dir='ltr'><strong><em>είς</em></strong></span> <span class='ocrx_word' id='word_1_218' title='bbox 716 2994 1066 3078; x_wconf 88' lang='grc' dir='ltr'><strong><em>σεμίδαλιν</em></strong></span> <span class='ocrx_word' id='word_1_219' title='bbox 1088 2994 1325 3080; x_wconf 87' lang='grc' dir='ltr'><strong><em>πυρῶν</em></strong></span> <span class='ocrx_word' id='word_1_220' title='bbox 1343 2986 1635 3077; x_wconf 77' lang='grc' dir='ltr'><strong><em>ἀρτάβας</em></strong></span> <span class='ocrx_word' id='word_1_221' title='bbox 1654 2993 2008 3077; x_wconf 87' lang='grc' dir='ltr'><strong><em>δισμυρίας</em></strong></span> <span class='ocrx_word' id='word_1_222' title='bbox 2028 3012 2270 3058; x_wconf 87' lang='grc' dir='ltr'><strong><em>πεντα-</em></strong></span> 
     </span>
     <span class='ocr_line' id='line_1_29' title="bbox 265 3090 2269 3182; baseline -0.001 -20"><span class='ocrx_word' id='word_1_223' title='bbox 265 3099 525 3173; x_wconf 87' lang='grc' dir='ltr'><strong><em>κοσίας.</em></strong></span> <span class='ocrx_word' id='word_1_224' title='bbox 542 3091 822 3178; x_wconf 75' lang='grc' dir='ltr'><strong><em>’κελεύω</em></strong></span> <span class='ocrx_word' id='word_1_225' title='bbox 852 3092 928 3162; x_wconf 74' lang='grc' dir='ltr'><strong><em>δὲ</em></strong></span> <span class='ocrx_word' id='word_1_226' title='bbox 957 3090 1083 3180; x_wconf 83' lang='grc' dir='ltr'><strong><em>τὴν</em></strong></span> <span class='ocrx_word' id='word_1_227' title='bbox 1107 3092 1367 3161; x_wconf 87' lang='grc' dir='ltr'><strong><em>τούτων</em></strong></span> <span class='ocrx_word' id='word_1_228' title='bbox 1392 3098 1715 3182; x_wconf 87' lang='grc' dir='ltr'><strong><em>χορηγίαν</em></strong></span> <span class='ocrx_word' id='word_1_229' title='bbox 1743 3093 1819 3160; x_wconf 85' lang='grc' dir='ltr'><strong><em>ἐκ</em></strong></span> <span class='ocrx_word' id='word_1_230' title='bbox 1837 3092 1976 3158; x_wconf 89' lang='grc' dir='ltr'><strong><em>τῶν</em></strong></span> <span class='ocrx_word' id='word_1_231' title='bbox 1995 3096 2109 3181; x_wconf 81' lang='grc' dir='ltr'><strong><em>τῆς</em></strong></span> <span class='ocrx_word' id='word_1_232' title='bbox 2128 3100 2269 3160; x_wconf 85' lang='grc' dir='ltr'><strong><em>Σα-</em></strong></span> 
     </span>
     <span class='ocr_line' id='line_1_30' title="bbox 265 3189 2306 3292; baseline -0.002 -27"><span class='ocrx_word' id='word_1_233' title='bbox 265 3202 553 3287; x_wconf 87' lang='grc' dir='ltr'><strong><em>μαρείας</em></strong></span> <span class='ocrx_word' id='word_1_234' title='bbox 577 3202 890 3284; x_wconf 83' lang='grc' dir='ltr'><strong><em>γίνεσθαι</em></strong></span> <span class='ocrx_word' id='word_1_235' title='bbox 927 3194 1179 3286; x_wconf 82' lang='grc' dir='ltr'><strong><em>φόρων,</em></strong></span> <span class='ocrx_word' id='word_1_236' title='bbox 1235 3197 1577 3265; x_wconf 81' lang='grc' dir='ltr'><strong><em>ἐποίσουσι</em></strong></span> <span class='ocrx_word' id='word_1_237' title='bbox 1607 3194 1684 3264; x_wconf 75' lang='grc' dir='ltr'><strong><em>δὲ</em></strong></span> <span class='ocrx_word' id='word_1_238' title='bbox 1709 3191 1791 3262; x_wconf 81' lang='grc' dir='ltr'><strong><em>τὰ</em></strong></span> <span class='ocrx_word' id='word_1_239' title='bbox 1820 3197 2032 3292; x_wconf 71' lang='grc' dir='ltr'><strong><em>ἱερεῖα</em></strong></span> <span class='ocrx_word' id='word_1_240' title='bbox 2064 3189 2306 3263; x_wconf 64' lang='grc' dir='ltr'><strong><em>ταῦτα”</em></strong></span> 
     </span>
    </p>

    <p class='ocr_par' dir='ltr' id='par_1_10' title="bbox 180 3292 2273 3594">
     <span class='ocr_line' id='line_1_31' title="bbox 180 3292 2272 3388; baseline -0.003 -17"><span class='ocrx_word' id='word_1_241' title='bbox 180 3323 234 3364; x_wconf 71' lang='lat'><strong><em>³⁰</em></strong></span> <span class='ocrx_word' id='word_1_242' title='bbox 267 3297 445 3372; x_wconf 76' lang='grc' dir='ltr'><strong><em>κατὰ</em></strong></span> <span class='ocrx_word' id='word_1_243' title='bbox 477 3296 637 3380; x_wconf 84' lang='grc' dir='ltr'><strong><em>τοῦς</em></strong></span> <span class='ocrx_word' id='word_1_244' title='bbox 672 3301 1023 3380; x_wconf 82' lang='grc' dir='ltr'><strong><em>Μωῦσέως</em></strong></span> <span class='ocrx_word' id='word_1_245' title='bbox 1059 3298 1306 3387; x_wconf 92' lang='grc' dir='ltr'><strong><em>νόμους</em></strong></span> <span class='ocrx_word' id='word_1_246' title='bbox 1343 3302 1414 3372; x_wconf 76' lang='grc' dir='ltr'><strong><em>οἱ</em></strong></span> <span class='ocrx_word' id='word_1_247' title='bbox 1439 3302 1638 3388; x_wconf 80' lang='grc' dir='ltr'><strong><em>ἱερεῖς</em></strong></span> <span class='ocrx_word' id='word_1_248' title='bbox 1664 3298 1739 3365; x_wconf 85' lang='grc' dir='ltr'><strong><em>έν</em></strong></span> <span class='ocrx_word' id='word_1_249' title='bbox 1773 3292 2272 3386; x_wconf 83' lang='grc' dir='ltr'><strong><em>Ἰεροσολύμοις,</em></strong></span> 
     </span>
     <span class='ocr_line' id='line_1_32' title="bbox 265 3398 2273 3493; baseline -0.005 -19"><span class='ocrx_word' id='word_1_250' title='bbox 265 3406 382 3473; x_wconf 82' lang='grc' dir='ltr'><strong><em>καὶ</em></strong></span> <span class='ocrx_word' id='word_1_251' title='bbox 410 3404 910 3493; x_wconf 83' lang='grc' dir='ltr'><strong><em>προσφέροντες</em></strong></span> <span class='ocrx_word' id='word_1_252' title='bbox 951 3398 1255 3483; x_wconf 73' lang='grc' dir='ltr'><strong><em>εὔξονται</em></strong></span> <span class='ocrx_word' id='word_1_253' title='bbox 1283 3403 1378 3493; x_wconf 71' lang='grc' dir='ltr'><strong><em>τῷ</em></strong></span> <span class='ocrx_word' id='word_1_254' title='bbox 1411 3406 1554 3493; x_wconf 79' lang='grc' dir='ltr'><strong><em>θεῷ</em></strong></span> <span class='ocrx_word' id='word_1_255' title='bbox 1602 3402 1754 3489; x_wconf 83' lang='grc' dir='ltr'><strong><em>περὶ</em></strong></span> <span class='ocrx_word' id='word_1_256' title='bbox 1785 3406 2113 3488; x_wconf 84' lang='grc' dir='ltr'><strong><em>σωτηρίας</em></strong></span> <span class='ocrx_word' id='word_1_257' title='bbox 2151 3401 2273 3464; x_wconf 88' lang='grc' dir='ltr'><strong><em>τοῦ</em></strong></span> 
     </span>
     <span class='ocr_line' id='line_1_33' title="bbox 267 3498 2268 3594; baseline -0.007 -18"><span class='ocrx_word' id='word_1_258' title='bbox 267 3505 606 3594; x_wconf 83' lang='grc' dir='ltr'><strong><em>βασιλέως</em></strong></span> <span class='ocrx_word' id='word_1_259' title='bbox 632 3506 745 3576; x_wconf 86' lang='grc' dir='ltr'><strong><em>καὶ</em></strong></span> <span class='ocrx_word' id='word_1_260' title='bbox 777 3510 901 3575; x_wconf 89' lang='grc' dir='ltr'><strong><em>τοῦ</em></strong></span> <span class='ocrx_word' id='word_1_261' title='bbox 927 3506 1165 3591; x_wconf 81' lang='grc' dir='ltr'><strong><em>γένους</em></strong></span> <span class='ocrx_word' id='word_1_262' title='bbox 1207 3499 1462 3588; x_wconf 79' lang='grc' dir='ltr'><strong><em>αὐτοῦ,</em></strong></span> <span class='ocrx_word' id='word_1_263' title='bbox 1488 3498 1731 3591; x_wconf 76' lang='grc' dir='ltr'><strong><em>ὅπωςὴ</em></strong></span> <span class='ocrx_word' id='word_1_264' title='bbox 1761 3505 2048 3588; x_wconf 85' lang='grc' dir='ltr'><strong><em>Περσῶν</em></strong></span> <span class='ocrx_word' id='word_1_265' title='bbox 2078 3507 2268 3583; x_wconf 79' lang='grc' dir='ltr'><strong><em>βασι-</em></strong></span> 
     </span>
    </p>

    <p class='ocr_par' dir='ltr' id='par_1_11' title="bbox 1970 3607 2097 3671">
     <span class='ocr_line' id='line_1_34' title="bbox 1970 3607 2097 3671; baseline 0 -28"><span class='ocrx_word' id='word_1_266' title='bbox 1970 3612 1994 3671; x_wconf 77' lang='lat'>1</span> <span class='ocrx_word' id='word_1_267' title='bbox 2063 3607 2097 3643; x_wconf 82' lang='grc'>*</span> 
     </span>
    </p>
   </div>
  </div>
 </body>
</html>
