2500 3882
803 105 1613 207 ΕΝΝΕᾏΚΑΙΔΕΚΑΤΗ
1774 152 1800 169 ‘
2064 146 2194 209 231·
2247 129 2258 172 ·’

107 319 113 378 ἶ
205 318 382 404 ἕξειν
424 347 523 389 ων
560 314 822 443 αρξειεν
861 319 1126 407 ετέρων.
1191 323 1500 388 πείθεται
1539 318 1616 388 δὲ
1652 295 2024 404 Κλαύδιος,
2076 321 2189 387 καὶ

199 431 535 512 συγκαλεῖ
552 418 679 511 τὴν
710 418 966 510 βουλὴν
1006 422 1115 490 ἐπὶ
1143 428 1265 490 τοῦ
1292 426 1617 492 παλατίου
1646 419 1757 491 διά
1793 426 1908 510 τῆς
1934 419 2188 502 πόλεως
2273 499 2292 510 ‚

204 526 607 617 φερόμενος,
676 526 1226 613 παραπέμποντος
1266 520 1490 593 αὐτὸν
1538 529 1662 593 τοῦ
1711 529 2187 616 στρατιωτικοῦ

203 628 336 700 σῦν
370 634 582 720 πολλῇ
613 626 795 699 πάνυ
833 625 1120 697 κακωσει
1155 631 1271 715 τῆς
1296 625 1620 715 πληθύος.
1678 626 2083 720 προεξῄεσαν
2112 628 2188 697 δὲ

136 758 168 799 5
206 759 346 802 των
374 738 582 803 Γαΐου
625 731 941 819 σφαγέων
970 736 1064 811 εἰς
1094 727 1168 800 τὸ
1192 728 1493 818 φανερὸν
1517 732 1803 819 Χαιρέας
1827 732 1939 802 καὶ
1971 738 2185 819 Σαβῖ-

205 862 353 921 νος,
383 833 755 923 εἰργόμενοι
781 832 1094 922 προόδων
1119 829 1262 903 κατ’
1297 830 1645 913 ἐπιστολάς
1669 840 2062 919 Πωλίωνος,
2107 830 2189 903 ὃν

204 944 421 1031 μικρῷ
449 936 773 1027 πρότερον
799 934 1534 1025 Κλαύδιοςστρατηγόν
1569 932 1773 1025 ᾕρητο
1798 940 1936 1006 τῶν
1962 956 2187 1024 σωμα-

204 1039 632 1129 τοφυλάκων.
685 1038 1024 1119 Κλαύδιος
1053 1038 1127 1107 δὲ
1155 1040 1427 1129 ἐπείπερ
1459 1044 1554 1120 εἰς
1576 1036 1652 1109 τὸ
1680 1036 2187 1127 παλάτιονάφι-

206 1158 485 1229 κνεῖται,
506 1140 911 1230 συναγαγών
928 1139 1085 1221 τοῦς
1111 1143 1414 1231 ἑταίρους
1435 1147 1669 1230 ψῆφον
1686 1139 2007 1212 ἀνεδίδου
2034 1144 2189 1230 περὶ

122 1266 173 1306 ¹⁰
194 1249 522 1336 Χαιρέου.
558 1260 696 1326 τοῖς
723 1245 795 1314 δὲ
814 1243 889 1315 τὸ
914 1244 1040 1333 μὲν
1064 1250 1265 1333 ἔργον
1289 1242 1595 1335 λαμπρὸν
1613 1243 1852 1331 ἐδόκει,
1873 1242 2189 1314 ἀπιστίαν

202 1349 285 1419 δὲ
324 1348 696 1419 ἐπεκάλουν
737 1353 827 1442 τῷ
867 1346 1265 1437 πεπραχότι,
1305 1348 1419 1416 καὶ
1456 1344 1637 1441 ἀὐτῷ
1674 1354 2001 1437 τιμωρίαν
2040 1350 2187 1416 ἐπι-

204 1451 485 1540 βάλλειν
519 1455 781 1521 δίκαιον
831 1448 1117 1541 ἡγοῦντο
1157 1446 1264 1520 ἐπ’
1309 1448 1660 1543 ἀποτροπῇ·
1692 1457 1813 1520 τοῦ
1837 1452 2191 1539 μέλλοντος

132 1605 137 1616 ,
203 1554 471 1645 χρόνον.
514 1550 801 1643 ἀπήγετο
827 1545 953 1624 οὖν
978 1554 1265 1644 Χαιρέας
1290 1550 1416 1643 τὴν
1441 1555 1549 1623 ἐπὶ
1573 1553 1845 1647 θανάτῳ
1861 1603 1881 1640 ,
1924 1553 2036 1622 καὶ
2062 1550 2194 1623 σὺν

203 1655 388 1752 αὐτῷ
414 1654 681 1737 Λοῦπός
705 1683 776 1725 τε
807 1658 917 1738 καὶ
935 1652 1274 1746 Ῥωμαίων
1302 1662 1592 1736 πλείους.
1634 1657 1896 1744 λέγεται
1927 1655 2002 1726 δὲ
2022 1662 2188 1725 Χαι-

118 1788 170 1829 ιε
205 1764 382 1850 ρέαν
405 1756 929 1850 μεγαλοφρόνως
956 1762 1259 1846 ἐνεγκεῖν
1281 1757 1408 1848 τὴν
1434 1757 1827 1849 συμφοράν,
1863 1786 1945 1829 ου
1982 1756 2192 1846 μόνον

82 1899 92 1914 ·
201 1868 295 1958 τῷ
322 1861 486 1934 καθ’
523 1858 732 1935 αὑτὸν
759 1861 1202 1957 ἀμεταπτωτω
1229 1868 1351 1932 τοῦ
1377 1860 1733 1952 σχήματος,
1760 1858 1930 1932 ἀλλά
1958 1862 2071 1931 καὶ
2093 1855 2193 1944 οἷς

202 1960 558 2037 ὁνειδίσειε
588 1972 864 2038 Λοῦπον
905 1971 999 2047 εἰς
1038 1964 1301 2055 δάκρυα
1348 1967 1889 2055 ἐκτετραμμένον.
1957 1963 2189 2035 ἀποτι-

206 2070 506 2158 θεμένου
530 2071 613 2156 γέ
634 2096 734 2138 τοι
761 2068 885 2159 τὴν
909 2066 1157 2157 στολὴν
1180 2074 1306 2137 τοῦ
1329 2066 1609 2138 Λούπου
1635 2069 1748 2137 καὶ
1772 2065 1848 2136 τὸ
1875 2070 2060 2156 ῥῖγος
2083 2072 2190 2136 ἀἰ-

205 2173 570 2261 τιωμένου,
611 2174 820 2261 φησὶν
859 2199 948 2253 ως
990 2164 1114 2242 οῦκ
1143 2165 1230 2240 ἀν
1260 2174 1529 2240 ἐναντία
1555 2175 1676 2240 τοῦ
1703 2166 1962 2247 λούπου
1998 2168 2190 2258 ποιή-

110 2299 174 2340 2⁰
211 2293 398 2344 σαιτο
436 2272 705 2345 πώποτε
740 2278 944 2365 ῥῖγος.
958 2312 961 2315 ·
1005 2273 1309 2364 πλήθους
1346 2299 1419 2342 τε
1448 2269 1838 2363 ἀνθρώπων
1868 2273 2194 2362 ἑπομένου

210 2375 377 2447 κατὰ
402 2380 608 2464 θεάν,
643 2405 731 2458 ως
757 2367 922 2466 ἧκεν
951 2378 1061 2446 ἐπὶ
1086 2375 1161 2447 τὸ
1186 2382 1466 2468 χωρίον,
1503 2373 1699 2467 ἤρετο
1720 2373 1844 2445 τὸν
1872 2373 2193 2466 στρατιω-

208 2509 333 2569 την
359 2485 421 2551 εί
447 2479 558 2551 διὰ
585 2481 861 2570 μελέτης
889 2475 1070 2574 αύτω
1096 2478 1438 2568 γεγόνοιεν
1464 2484 1540 2549 αἰ
1560 2486 1835 2569 σφαγαί,
1862 2474 1905 2569 ἢ
1932 2482 2197 2570 πρωτον

175 2589 354 2670 ἔχοι
395 2581 470 2652 τὸ
494 2587 726 2708 ξίφος·
780 2584 893 2652 καὶ
936 2585 1201 2656 ἐκέλευε
1228 2589 1518 2671 κομίζειν
1557 2612 1608 2677 ω
1629 2582 1843 2653 Γάιον
1873 2588 2194 2675 διαχειρύ

208 2706 400 2756 σαιτο
430 2683 647 2767 αῦτός.
691 2685 987 2775 θνήσκει
1002 2685 1077 2756 δὲ
1107 2684 1522 2775 εὐδαιμόνως
1546 2712 1698 2774 μιας
1737 2690 1989 2774 πληγῆς
2016 2681 2197 2776 αὐτῷ

106 2810 170 2853 25
206 2790 593 2878 γενομένης.
632 2794 896 2870 Λοῦπος
933 2788 1007 2858 δὲ
1035 2785 1117 2860 οὐ
1143 2787 1323 2859 πάνυ
1359 2791 1589 2870 δεξιως
1616 2784 1996 2877 ὑπεξῆλθεν
2017 2784 2195 2856 ἀθυ-

82 2940 87 2943 -
202 2898 363 2985 μία,
406 2895 520 2962 καὶ
561 2897 837 2981 πληγῶν
872 2891 1205 2965 πλειόνων
1229 2894 1615 2981 γενομένων
1646 2888 1756 2961 διά
1782 2887 1857 2959 τὸ
1889 2895 2199 2979 μαλακῶς

202 2993 324 3077 τὸν
361 2993 693 3085 τράχηλον
726 3011 1110 3086 παρασχεῖν.
1179 2990 1436 3083 ὀλίγαις
1487 2993 1562 3063 δὲ
1601 2990 1885 3082 ὕστερον
1930 2988 2205 3082 ἡμέραις
2230 3005 2265 3061 6

204 3102 586 3187 ἐναγισμων
612 3098 1098 3187 ἐνεστηκότων,
1134 3093 1475 3186 Ῥωμαίων
1499 3093 1574 3166 τὸ
1614 3101 1873 3185 πλῆθος
1901 3110 2037 3175 τοῖς
2070 3122 2194 3164 αυ-

207 3227 345 3269 των
383 3203 817 3291 ἐπιφέροντες
853 3203 965 3270 καὶ
1006 3202 1303 3290 Χαιρέαν
1340 3205 1600 3288 μοίραις
1633 3202 1951 3287 ἐτίμησαν
1992 3204 2087 3287 εἰς
2124 3196 2198 3268 τὸ

113 3324 179 3367 zo
213 3308 349 3390 πῦρ
388 3306 809 3393 τιθεμέναις,
845 3309 1050 3374 ἵλεων
1089 3300 1279 3372 καὶ”
1236 3330 1486 3392 αμηνιν
1524 3300 1700 3371 εἶναι
1725 3308 1841 3390 τῆς
1871 3307 1964 3382 εἰς
1991 3329 2200 3397 αυτον

209 3400 591 3511 ἀχαριστίας
617 3411 1177 3498 παρακαλοῦντες.

364 3509 495 3577 καὶ
486 3512 752 3604 Χαιρέᾳ
777 3510 901 3663 μὲν
928 3509 1196 3646 τοιαύτη
1223 3505 1500 3596 τελευτὴ
1528 3513 1647 3577 τοῦ
1667 3514 1822 3597 βίου
1846 3506 2192 3591 συνέτυχε·
