2500 3882
1078 181 1082 188 ¹
1153 155 1361 215 ΒΙΟΣ
1436 159 1442 164 ’
1875 150 1883 177 “
2125 149 2297 248 319‘

260 358 398 402 των
415 382 435 417 ,
465 329 543 399 ἐἰ
565 328 704 419 μὲν*
720 325 892 399 ἑκών
909 334 1340 418 ’καταθείμην
1364 325 1447 397 τοὶ
1473 324 1681 414 ὅπλα,
1720 333 1933 412 ζῶντα
1961 328 2246 417 πέμπειν

265 442 355 516 είς
377 431 506 523 τὴν
529 429 668 502 τῶν
686 427 1229 522 Ἱεροσολυμιτῶν
1259 429 1493 518 πόλιν,
1523 437 1587 501 εί
1610 429 1674 501 δ’
1707 429 2246 519 ἀντιτασσοίμην,

262 536 648 614 ἀποκτεῖναι
689 535 903 625 μηδὲν
934 533 1236 616 δεδιότας
1254 556 1270 571 ·
1327 531 1554 606 αὐτῶν
1578 531 1705 624 γὰρ
1735 535 1909 606 εἶναι
1933 533 2008 603 τὸ
2037 533 2245 625 πρόσ-

262 669 498 729 ταγμα.
556 633 1047 730 ἐγεγράφεισαν
1077 638 1152 708 δὲ
1181 640 1294 707 καὶ
1320 643 1413 732 τῷ
1433 635 1706 728 Ἰωάννῃ
1744 636 1927 731 πρὸς
1946 635 2066 708 τὸν
2092 634 2245 707 κατ’

202 774 230 815 5
264 747 427 834 ἐμοῦ
453 740 749 831 πόλεμον
778 741 1269 830 ἑτοιμάζεσθαι,
1297 756 1433 823 τοῖς
1457 768 1530 811 τε
1569 744 1953 835 Σέπφωριν
1970 742 2082 813 καὶ
2110 741 2246 811 Γά-

263 855 439 938 βαρα
479 847 865 916 κατοικοῦσι
916 847 1029 915 καὶ
1081 849 1458 937 Τιβεριεῦσι
1501 847 1946 966 προσέταττον
1984 852 2247 934 συμμα-

262 958 417 1040 χιαν
442 954 536 1044 τῷ
556 945 833 1074 Ἰωάννῃ
861 951 1170 1039 πέμπειν.

416 1051 644 1123 ταῦτά
662 1080 774 1145 μοι
810 1057 934 1124 τοῦ
970 1050 1218 1143 πατρὸς
1262 1005 1641 1142 γράψαντος
1679 1052 1923 1135 (ἐξεῖπε
1967 1052 2043 1132 δὲ
2084 1052 2248 1143 πρὸς
2280 1065 2347 1121 41

266 1154 472 1228 αὐτὸν
489 1153 756 1245 Ἰησοῦς
770 1151 808 1225 ὁ
839 1160 961 1225 τοῦ
986 1160 1298 1246 Γαμαλᾶ,
1328 1160 1466 1225 τῶν
1491 1158 1566 1223 ἐν
1592 1150 1768 1243 αυτῇ
1785 1159 1868 1243 τῇ
1893 1160 2108 1244 βουλῇ
2135 1183 2245 1243 γε-

183 1296 233 1335 lo
265 1262 572 1351 νομένων
600 1254 728 1346 εἷς,
760 1267 956 1384 φίλος
1000 1288 1098 1328 ων
1123 1260 1234 1329 καὶ
1277 1257 1581 1347 συνήθης
1621 1260 1796 1345 ἐμοί)
1832 1258 2098 1349 σφόδρα
2127 1285 2245 1329 πε-

265 1362 627 1454 ριήλγησα,
667 1390 824 1444 τους
863 1390 937 1432 τε
977 1369 1249 1441 πολίτας
1288 1357 1464 1431 οὕτω
1506 1362 1659 1450 ’περὶ
1694 1359 1807 1450 ἐμὲ
1849 1364 2253 1450 γενομένους
2368 1379 2372 1384 ’

249 1463 658 1556 ἀχαρίστους
691 1464 1007 1554 ἐπιγνοὺς
1034 1462 1145 1535 διά
1168 1462 1437 1553 φθόνον
1459 1460 1909 1555 ἀναιρεθῆναί
1931 1492 2014 1555 με
2040 1485 2248 1553 προσ-

264 1570 451 1653 τάξαι
466 1620 487 1657 ,
516 1569 747 1664 καὶτῷ
772 1567 891 1640 τὸν
918 1568 1169 1659 πατέρα
1196 1566 1311 1637 διὰ
1337 1594 1474 1637 των
1499 1566 1903 1657 γραμμάτων
1928 1568 2142 1639 πολλά
2170 1595 2252 1657 με

266 1682 682 1762 παρακαλεῖν
728 1669 1096 1763 ἀφικέσθαι
1136 1669 1301 1761 πρὸς
1339 1667 1545 1741 αυτόν
1561 1693 1576 1707 ·
1652 1677 1901 1762 ποθεῖν
1947 1668 2077 1759 γὰρ
2121 1678 2251 1761 ἔφη

181 1806 229 1847 ιε
263 1776 646 1848 θεάσασθαι
673 1774 793 1845 τὸν
820 1773 974 1846 υἱὸν
998 1772 1129 1864 πρὸ
1154 1780 1277 1845 τοῦ
1303 1780 1714 1863 τελευτῆσαι.
1755 1779 1962 1844 ταῦτα
1988 1772 2072 1865 δὴ
2093 1774 2255 1863 πρὸς
2282 1863 2287 1870 .

102 1901 112 1910 '
149 1959 164 1972 ‚
261 1878 420 1962 τούς
447 1887 691 1967 φίλους
719 1877 915 1949 εἷπον
933 1930 952 1965 ,
981 1873 1221 1962 καὶότι
1248 1874 1412 1968 μετὰ
1440 1884 1673 1968 τρίτην
1696 1872 1953 1968 ἡμέραν
1979 1887 2250 1949 καταλι-
2326 1919 2337 1928 ·

265 1981 414 2054 πων
449 1981 573 2073 τὴν
614 1982 841 2072 χώραν
880 1979 1109 2052 αὐτῶν
1145 1987 1246 2062 -είς
1280 1979 1409 2069 τὴν
1447 1985 1738 2075 πατρίδα
1776 1989 2252 2071 πορευσοίμην.

265 2085 445 2175 λύπη
495 2082 565 2155 δ’
595 2082 911 2166 ἅπαντας
959 2111 1117 2165 τους
1159 2082 1573 2163 ἀκούσαντας
1610 2084 1916 2172 κατέσχε,
1954 2084 2251 2172 παρεκά-
2282 2130 2293 2139 ›

266 2196 435 2259 λουν
458 2216 531 2259 τε
556 2195 901 2288 κλαίοντες
934 2186 1026 2279 μὴ
1064 2190 1533 2275 ἐγκαταλιπεῖν
1559 2182 1837 2272 αὐτούς,
1877 2183 2252 2276 ἀπολουμέ

176 2329 234 2371 2⁰
266 2319 430 2373 νους
462 2298 526 2362 εἰ
555 2297 674 2383 τῆς
712 2294 869 2381 ἐμῆς
903 2298 1303 2380 στρατηγίας
1339 2285 1887 2381 ἀποστερηθεῖεν.
1941 2317 2023 2359 ου
2050 2317 2252 2360 κατα-

261 2395 579 2476 νεύοντος
616 2397 700 2465 δε’
737 2422 870 2484 μου
905 2410 1051 2476 ταῖς
1091 2399 1404 2474 ἱκετείαις
1441 2421 1704 2483 αυτων,
1745 2389 1913 2463 ἀλλά
1947 2395 2101 2495 περὶ
2139 2399 2255 2483 τῆς

262 2503 555 2589 ἐμαυτοῦ
581 2504 1049 2588 φροντίζοντος
1073 2504 1430 2587 σωτηρίας,
1460 2503 1803 2578 δείσαντες
1822 2501 1892 2567 οἰ
1909 2490 2256 2569 Γαλιλαῖοι

265 2599 362 2691 μὴ
379 2598 793 2682 ἀπελθόντος
833 2597 1406 2691 εὐκαταφρόνητοι
1443 2615 1581 2682 τοῖς
1622 2610 1893 2690 λῃσταῖς
1931 2602 2254 2688 γένοιντο,

266 2707 649 2794 πέμπουσιν
687 2710 784 2786 είς
819 2701 947 2792 τὴν
977 2709 1347 2787 Γαλιλαίαν
1376 2699 1655 2774 4ἅπασαν
1686 2701 1845 2784 τοῦς
1870 2710 2253 2795 σημανοῦν-

176 2835 233 2877 aa
267 2835 386 2890 τας
423 2804 548 2897 τὴν
581 2803 768 2897 ’ἐμὴν
793 2804 1072 2897 γνώμην
1109 2808 1268 2897 ’περὶ
1311 2812 1428 2895 τῆς
1452 2803 1858 2896 ἀπαλλαγῆς.
1909 2807 2153 2877 ’πολλοὶ
2179 2806 2254 2876 δὲ

263 2913 377 2982 καὶ
405 2909 829 3000 πανταχόθεν
856 2910 1316 3000 συνήχθησαν,
1348 2906 1436 2991 ὥς
1459 2932 1759 2999 ηκουσαν
1771 2960 1792 2995 ,
1821 2936 1986 2998 μετα
2011 2937 2252 2998 γυναι-

260 3044 404 3087 κων
429 3015 544 3097 καὶ
572 3016 847 3099 τέκνων,
877 3010 961 3085 οὐ
989 3014 1220 3107 πόθω,
1252 3017 1433 3083 dou-m
1459 3041 1604 3102 μοι,
1632 3042 1725 3085 τω
1751 3009 1917 3101 πρὸς
1932 3013 2058 3117 ἐμὲ
2086 3017 2252 3101 μᾶλ-

259 3130 382 3191 λον
409 3114 453 3210 ἦ
486 3123 585 3213 τῷ
613 3120 768 3207 περὶ
794 3114 1023 3187 αὐτων
1053 3118 1202 3187 δίει
1216 3121 1417 3187 τοῦτο
1450 3115 1880 3207 πράττοντες·
1932 3098 2101 3204 ἐμοῦ
2127 3114 2255 3207 γὰρ

229 3225 765 3349 παραμένοντος
826 3228 1181 3345 πείσεσθαι
1236 3216 1449 3290 κακὸν
1500 3217 1707 3292 οῦδὲν
1751 3215 2254 3308 ὑπελάμβανον.

175 3358 230 3400 zo
266 3315 432 3415 ἧκον
455 3317 605 3396 οὖν
632 3324 886 3407 πάντες
927 3331 1023 3405 εἰς
1062 3320 1137 3393 τὸ
1176 3325 1347 3412 μέγα
1400 3329 1638 3395 πεδίον
1674 3326 1753 3411 ἐν
1790 3313 1843 3417 ᾧ
1885 3325 2252 3414 διέτριβον·

256 3426 526 3517 Ἀσωχίς
552 3432 737 3499 ἐστιν
762 3425 976 3517 ὄνομα
999 3426 1235 3521 τούτῳ.
1651 3468 1661 3480 ·

416 3531 800 3622 θαυμάσιον
826 3531 901 3603 δὲ
929 3525 1075 3602 οἷον
1100 3527 1370 3625 ὄνειρον
1410 3527 1524 3601 διὰ
1546 3534 1679 3622 ’τῆς
1717 3529 1959 3615 νυκτὸς
1994 3534 2253 3619 ἐκείνης
2284 3544 2353 3599 42
