2500 3882
303 102 421 198 178
965 137 1614 197 ΑΡΧΑΙοΛοΓΙΑΣ

306 308 574 390 λάσεως.
628 309 748 381 τοῦ
763 305 824 378 δ’
848 304 1174 399 Ὑρκανοῦ
1202 307 1362 391 τοῦς
1391 314 1803 399 Φαρισαίους
1831 306 2152 398 ἐρομένου
2179 311 2292 375 τί-

306 438 423 493 νος
448 407 658 482 αὐτὸν
679 409 869 495 ἄξιον
896 408 1220 501 ἡγοῦνται
1262 418 1580 502 τιμωρίας
1607 410 2127 499 (πεισθήσεσθαι
2153 405 2291 497 γὰρ
2368 418 2371 425 f

307 511 392 585 οὗ
437 512 600 604 μετὰ
637 522 753 604 τῆς
792 518 1073 585 ἐκείνων
1076 514 1376 642 γνώμης
1430 516 1799 605 γεγονέναι
1817 541 1933 594 τας
1973 519 2290 601 βλασφη-

307 623 483 708 μίας,
510 619 973 709 τιμησαμένων
1009 614 1220 688 αὐτὸν
1259 624 1350 711 τῷ
1378 619 1595 711 μέτρω
1623 623 1737 706 τῆς
1764 617 1978 705 δίκης)
2007 621 2293 704 πληγῶν

245 780 252 787 ,
310 728 571 809 ἔφασαν
610 722 725 790 καὶ
753 725 1052 808 δεσμῶν.
1145 747 1228 791 ου
1272 748 1400 810 γαρ
1454 720 1673 799 ἐδόκει
1710 724 2049 808 λοιδορίας
2089 720 2295 787 ἕνεκα
2337 747 2369 788 ε

309 819 587 916 θανάτω
615 829 924 911 ζημιοῦν·
979 818 1195 904 αλλως
1239 850 1312 892 τε
1345 824 1459 893 καὶ
1503 822 1707 912 φύσει
1744 821 1911 912 πρὸς
1929 849 2045 903 τας
2082 819 2296 890 κολά-

310 949 452 1006 σεις
491 926 797 1006 ἐπιεικῶς
837 931 1109 1013 ἔχουσιν
1149 931 1221 995 οί
1258 934 1635 1014 Φαρισαῖοι.
1714 923 1882 1016 πρὸς
1906 931 2105 994 τοῦτο
2131 929 2299 993 λίαν

171 1060 184 1078 ’
309 1029 706 1117 ἐχαλέπηνε,
759 1029 871 1097 καὶ
908 1026 1073 1117 πρὸς
1112 1025 1186 1098 τὸ
1229 1033 1482 1098 δοκοῦν
1537 1029 1820 1108 ἐκείνοις
1882 1026 2300 1115 ποιήσασθαι

181 1160 188 1175 “
309 1129 425 1211 τὰς
463 1124 886 1219 βλασφημίας
928 1128 1047 1201 τὸν
1088 1126 1461 1221 ἄνθρωπον
1511 1130 1797 1221 ἐνόμισε.
1880 1127 2157 1218 μάλιστα
2217 1129 2303 1198 δὲ

310 1230 521 1303 αὐτὸν
576 1232 1080 1324 ἐπιπαρώξυνεν
1123 1229 1480 1321 Ἰωνάθης,
1536 1236 1650 1305 καὶ
1702 1233 2023 1322 διέθηκεν
2075 1227 2303 1312 οὕτως
2345 1260 2401 1303 ιο

316 1328 484 1408 ῶστε
525 1342 605 1426 τῇ
646 1341 1140 1407 Σαδδουκαίων
1174 1337 1600 1425 προσθέσθαι
1628 1342 1866 1426 μοίρα,
1909 1341 2048 1404 τῶν
2076 1342 2308 1423 Φαρι-

312 1447 525 1510 σαίων
553 1436 976 1509 ἀποστάντα
942 1491 962 1527 ,
1003 1441 1117 1509 καὶ
1158 1439 1238 1509 τά
1280 1466 1352 1509 τε
1391 1434 1510 1509 υπ’
1543 1435 1769 1509 αὐτῶν
1795 1438 2312 1507 κατασταθέντα

313 1542 561 1630 νόμιμα
600 1548 693 1610 τῶ
734 1542 923 1634 δήμῳ
964 1548 1334 1612 καταλῦσαι
1365 1543 1479 1613 καὶ
1506 1569 1662 1622 τους
1684 1539 2137 1630 φυλάττοντας
2167 1535 2312 1608 αὖ·

313 1673 394 1713 τα
421 1613 714 1713 κολάσαι.
783 1658 974 1732 μῖσος
1000 1670 1130 1713 ουν
1154 1647 1483 1714 ἐντεῦθεν
1510 1642 1694 1737 αὐτῶ
1720 1672 1792 1714 τε
1817 1646 1930 1713 καὶ
1957 1658 2094 1725 τοῖς
2120 1646 2313 1723 υἱοῖς

313 1743 495 1836 παρὰ
522 1753 639 1815 τοῦ
667 1744 971 1834 πλήθους
995 1744 1281 1834 ἐγένετο.
1361 1749 1515 1835 περὶ
1550 1750 1778 1835 μέντοι
1804 1746 2061 1817 τούτων
2087 1734 2312 1826 αὖθις
2358 1778 2410 1818 15

316 1852 634 1938 ἐροῦμεν·
689 1855 822 1918 νῦν
864 1848 940 1918 δὲ
979 1853 1275 1944 δηλῶσαι
1312 1846 1711 1938 βοῦλομαι”
1670 1878 1773 1920 οτι
1806 1849 2054 1939 νόμιμα
2080 1848 2317 1919 πολλά

315 1981 466 2022 τινα
494 1953 874 2045 παρέδοσαν
899 1959 991 2045 τῷ
1021 1954 1209 2050 δήμῳ
1236 1958 1309 2023 οἱ
1331 1962 1684 2041 Φαρισαῖοι
1711 1956 1785 2023 ἐκ
1804 1955 2110 2041 πατέρων
2141 1956 2314 2021 δια-

315 2061 547 2145 δοχῆς,
596 2051 765 2145 ἅπερ
805 2051 932 2128 οὐκ
969 2052 1463 2146 ἀναγέγραπται
1497 2058 1570 2126 ἐν
1610 2072 1744 2138 τοῖς
1786 2058 2126 2137 Μωῦσέως
2167 2054 2306 2124 νό-

314 2188 495 2248 μοις,
542 2161 656 2228 καὶ
697 2157 809 2229 διὰ
845 2166 1043 2229 τοῦτο
1083 2166 1293 2229 ταῦτα
1332 2158 1405 2230 τὸ
1447 2165 1940 2230 Σαδδουκαίων
1964 2162 2157 2247 γένος
2187 2159 2320 2228 ἐκ·-

317 2262 580 2350 βάλλει,
622 2263 823 2350 λέγον
851 2265 1072 2332 ἐκεῖνα
1100 2268 1246 2331 δεῖν
1279 2258 1595 2352 ἡγεῖσθαι
1620 2261 1867 2352 νόμιμα
1896 2260 1977 2331 τὰ
2002 2288 2321 2352 γεγραμ-
2355 2290 2410 2330 20

315 2366 517 2451 μένα,
572 2362 651 2433 τὰ
688 2359 755 2432 δ’
807 2364 882 2432 ἐκ
925 2362 1356 2453 παραδόσεως
1400 2370 1536 2435 τῶν
1575 2367 1883 2452 πατέρων
1922 2363 2013 2453 μὴ
2043 2378 2315 2452 τηρεῖν.

314 2465 430 2533 καὶ
473 2468 626 2555 περὶ
667 2464 927 2534 τούτων
966 2465 1261 2554 ζητήσεις
1298 2463 1526 2548 αὐτοῖς
1576 2469 1690 2537 καὶ
1729 2466 2059 2558 διαφορὰς
2094 2470 2312 2554 γενέ-

315 2576 481 2636 σθαι
521 2568 875 2655 συνέβαινε
911 2567 1232 2656 μεγάλας,
1268 2575 1408 2638 τῶν
1447 2568 1572 2657 μὲν
1604 2575 2097 2645 Σαδδουκαίων
2128 2567 2302 2652 τοὺς

319 2666 653 2759 εὐπόρους
678 2668 887 2758 μόνον
912 2669 1327 2759 πειθόντων,
1367 2671 1442 2743 τὸ
1485 2672 1561 2742 δὲ
1600 2671 1963 2770 δημοτικὸν
1989 2669 2115 2760 οὐχ
2143 2672 2323 2743 ἑπό-

317 2800 523 2864 μενον
563 2770 793 2855 αὐτοῖς
830 2773 1153 2862 ἐχόντων,
1192 2781 1331 2845 τῶν
1372 2776 1449 2847 δὲ
1486 2783 1875 2867 Φαρισαίων
1913 2772 1990 2845 τὸ
2036 2781 2320 2864 πλῆθος
2354 2798 2416 2840 25

315 2877 665 2967 σύμμαχον
692 2875 997 2965 ἐχόντων.

464 2977 635 3050 ἀλλὰ
669 2981 824 3071 περὶ
868 2979 992 3069 μὲν
1028 2978 1288 3050 τούτων
1313 2988 1449 3052 τῶν
1485 2982 1611 3052 δύο
1652 2985 1927 3053 καὶτῶν
1952 2978 2312 3071 Ἐσσηνῶν

319 3086 392 3152 ἐν
425 3090 506 3174 τῇ
535 3085 819 3176 δευτέρᾳ
843 3111 956 3172 μοι
985 3089 1123 3154 τῶν
1141 3079 1529 3155 Ἰουδαϊκῶν
1565 3082 1858 3175 ἀκριβῶς
1883 3085 2304 3174 δεδήλωται·

248 3200 282 3256 7
299 3180 628 3269 ’Ὑρκανὸς
654 3185 729 3256 δὲ
757 3185 1015 3268 παύσας
1051 3184 1175 3275 τὴν
1214 3186 1446 3257 στάσιν
1482 3190 1595 3259 καὶ
1627 3186 1777 3278 μετ’
1809 3186 2033 3278 αὐτὴν
2051 3187 2324 3277 βιώσας

329 3280 776 3376 εὐδαιμόνως,
805 3292 917 3358 καὶ
944 3287 1069 3378 τὴν
1101 3285 1315 3380 ἀρχὴν
1346 3290 1852 3382 διοικησάμενος
1877 3289 1995 3361 τὸν
2022 3287 2321 3381 ἄριστον
2354 3305 2423 3347 3⁰
2452 3315 2457 3426 4

328 3383 577 3473 τρόπον
615 3395 829 3461 ἔτεσιν
867 3392 970 3462 ἑνὶ
1010 3393 1123 3462 καὶ
1163 3393 1552 3485 τριάκοντα,
1594 3402 1870 3488 τελευτᾷ
1909 3394 2319 3467 καταλιπών

329 3481 526 3566 υἶθυς
568 3491 792 3581 πέντε,
836 3500 1044 3591 τριῶν
1079 3502 1216 3566 τῶν
1249 3505 1584 3587 μεγίστων
1610 3494 1851 3583 αξιος’
1811 3496 1944 3570 υπὸ
1972 3504 2096 3568 τοῦ
2124 3508 2320 3573 θεοῦ
2450 3457 2455 3604 1

2426 3607 2453 3838 1
