2500 3882
799 95 1354 160 ΤΕΣΣᾸΡΕΣΚΑ
1357 103 1390 158 Ι
1395 102 1621 161 ΔΕΚΑ
1627 102 1746 161 ΤΗ
1851 53 1862 70 .
2139 101 2261 164 213

265 277 542 362 χωρίον,
566 272 938 360 εἰσεχέοντο
974 270 1099 359 μὲν
1126 276 1197 340 οί
1232 272 1568 360 πολέμιοι,
1611 278 1870 362 πρῶτος
1911 272 1990 343 δὲ
2030 270 2283 352 αὐτῶν,

264 373 645 499 Κορνήλιος
674 361 980 456 Φαῦστος
1009 373 1245 443 Σύλλα
1274 388 1428 455 παῖς
1455 371 1590 443 σὺν
1611 390 1750 456 τοῖς
1776 376 2025 446 ἑαυτοῦ
2052 397 2288 466 στρα-·

229 478 532 557 τιοὸταις
584 477 788 566 ἐπέβη
842 484 962 546 τοῦ
1013 484 1309 565 τείχους,
1362 474 1526 565 μετὰ
1579 475 1656 546 δὲ·
1711 473 1923 548 αὐτὸν
1965 480 2260 569 Φούριος

162 633 168 636 -
268 580 752 669 ἑκατόνταρχος
796 574 949 668 ἅμα
969 595 1106 661 τοῖς
1141 580 1492 704 ἑπομένοις
1518 578 1687 649 κατὰ
1715 581 2008 672 θάτερον
2023 585 2257 673 μέρος,

164 713 173 724 ’
214 705 245 747 5
273 681 387 754 διὰ
428 683 654 771 μέσων
702 683 778 752 δὲ
816 681 1102 772 Φάβιος,
1148 683 1265 751 καὶ
1315 678 1518 763 αὐτὸς
1558 683 2072 773 ἑκατόνταρχος,
2124 683 2258 755 σύν

272 791 494 873 στίφει
521 791 845 876 καρτερῷ.
902 785 1121 872 φόνου
1150 780 1216 855 δ’
1246 775 1335 873 ἦν
1359 784 1575 855 πάντα
1605 781 1938 875 ἀνάπλεω,
1981 788 2094 857 καὶ
2121 793 2259 857 τῶν
2389 815 2399 830 ‘

263 885 609 959 Ἰουδαίων
637 895 709 957 οἳ
727 887 853 975 μὲν
879 884 1012 957 ὑπὸ
1030 884 1370 976 Ῥωμαίων
1402 895 1471 957 οἳ
1494 887 1570 957 δὲ
1595 884 1719 959 ὑπ’
1752 887 2062 980 ἀλλήλων
2088 887 2258 980 ἀνῃ-

273 998 550 1081 ροῦντο,
582 993 712 1060 εἰσὶ
739 990 815 1060 δὲ
841 997 910 1061 οἳ
933 991 1045 1060 καὶ
1073 989 1242 1060 κατὰ
1270 997 1592 1079 κρημνῶν
1618 992 1899 1074 ἑαυτούς
1942 1001 2259 1082 ἔρριπτον

271 1095 386 1165 καὶ
409 1101 550 1182 πῦρ
579 1095 865 1176 ἐνιέντες
893 1099 985 1174 είς
1012 1091 1130 1173 τὰς
1154 1099 1369 1173 οἰκίας
1394 1095 1918 1184 ἐνεπίμπραντο,
1957 1094 2039 1165 τὰ
2066 1091 2259 1185 γινό-

185 1220 237 1262 ιο
269 1224 440 1286 μενα
466 1211 818 1285 καρτερεῖν
855 1192 982 1284 ούχ
1024 1192 1496 1284 ὑπομένοντες.
1577 1202 1820 1266 ἔπεσον
1856 1197 1932 1268 δὲ
1970 1206 2107 1266 τῶν
2132 1197 2258 1286 μὲν

259 1296 610 1370 Ἰουδαίων
663 1304 758 1380 είς
807 1305 1095 1390 μυρίους
1154 1300 1272 1367 καὶ
1341 1302 1742 1386 δισχιλίους,
1789 1294 2127 1388 Ῥωμαίων
2181 1301 2259 1369 δὲ

269 1402 453 1473 πάνυ
493 1398 732 1490 ὀλίγοι.
812 1397 1082 1490 ἐλήφθη
1128 1400 1204 1471 δὲ
1244 1400 1652 1488 αἰχμάλωτος
1691 1402 1804 1471 καὶ
1842 1398 2254 1489 Ἀψάλωμος,
2366 1415 2373 1422 ”

271 1515 460 1584 θεῖος
488 1500 622 1593 ἅμα
670 1504 784 1573 καὶ
823 1501 1156 1594 πενθερὸς
1189 1499 1726 1592 Ἀριστοβούλου.
1806 1503 2256 1595 παρηνομήθη

273 1606 351 1676 δὲ
376 1603 459 1676 οὗ
488 1604 692 1696 μικροὶ
719 1608 874 1696 περὶ
904 1604 1023 1676 τὸν
1049 1604 1250 1693 ναόν,
1298 1602 1549 1694 ἄβατόν
1574 1634 1645 1676 τε
1680 1603 1843 1678 ὄντα
1871 1611 1946 1677 ἐν
1972 1613 2064 1700 τῷ
2093 1608 2256 1696 πρὶν

184 1736 237 1779 ιε
270 1707 494 1803 χρόνω
523 1705 701 1780 καὶ’
664 1708 988 1799 αόρατον·
1043 1715 1356 1798 παρῆλθε
1399 1737 1528 1797 γαρ
1558 1716 1652 1791 είς
1677 1709 1752 1780 τό
1780 1708 2026 1791 ἐντὸς
1995 1739 2032 1779 ο
2059 1718 2253 1799 Πομ-

266 1811 462 1902 πήιος
509 1813 624 1882 καὶ
661 1839 822 1882 των
839 1813 996 1901 περὶ
1033 1807 1242 1881 αὐτόν
1285 1808 1411 1881 ούκ
1445 1808 1694 1914 ὀλίγοι,
1747 1816 1860 1884 καὶ
1908 1809 2169 1884 εἶδον“
2129 1834 2256 1883 οσα

192 1933 199 1934 ’
265 1914 355 2006 μὴ
390 1912 677 2005 θεμιτὸν
718 1905 806 2005 ἦν
849 1928 989 1996 τοῖς
1041 1910 1266 1996 αλλοις
1327 1901 1711 2004 ἀνθρώποις
1763 1913 1810 2006 ἢ
1846 1916 2074 2006 μόνοις
2116 1930 2256 1998 τοῖς

265 2016 713 2110 ἀρχιερεῦσιν.
794 2014 1016 2109 εὗρων
1065 2016 1142 2086 δὲ
1192 2014 1523 2107 τράπεζαν
1564 2046 1635 2088 τε
1661 2028 1920 2108 χρυσῆν
1963 2021 2077 2089 καὶ
2129 2027 2254 2089 λυ·-

263 2129 454 2210 χνίας
489 2123 681 2207 πέριξ
712 2123 824 2190 καὶ
855 2125 1179 2191 σπονδεῖα
1214 2122 1327 2190 καὶ
1369 2126 1629 2208 πλῆθος
1668 2118 2073 2210 ἀρωμάτων,
2119 2149 2255 2209 χω-
2315 2174 2323 2181 x

179 2254 237 2296 το
269 2226 373 2315 ρὶς
410 2223 488 2294 δὲ·
527 2224 786 2294 τούτων
826 2226 900 2293 έν
938 2236 1078 2304 τοῖς
1103 2232 1480 2311 θησαυροῖς
1520 2227 1723 2314 ἱερῶν
1761 2223 2120 2313 χρημάτων
2159 2229 2253 2304 εἰς

265 2327 392 2398 δύο
421 2325 725 2416 χιλιάδας
756 2325 1100 2397 ταλάντων
1119 2377 1139 2413 ,
1181 2323 1464 2407 οὐδενὸς
1499 2322 1713 2414 ἥψατο
1742 2324 1836 2398 δι’
1882 2324 2255 2417 εὐσέβειαν,

262 2426 435 2500 ἄλλα
458 2426 590 2499 κάν
627 2427 843 2522 τούτω
883 2436 998 2518 τῆς
1038 2430 1230 2519 περὶ
1220 2426 1430 2499 αὐτὸν
1457 2425 1655 2513 ἀξίως
1688 2434 1971 2521 ἔπραξεν
1998 2428 2253 2522 ἀρετῆς.

264 2538 347 2622 τῇ
383 2558 458 2602 τε
502 2527 822 2625 ὑστεραία
863 2536 1222 2621 καθαίρειν
1261 2540 1712 2622 παραγγείλας
1755 2534 1830 2605 τὸ
1888 2532 2072 2625 ἱερὸν
2113 2548 2254 2615 τοῖς

268 2632 621 2714 ναοπόλοις
663 2636 777 2704 καὶ
816 2634 897 2705 τὰ
934 2634 1183 2722 νόμιμα
1225 2637 1573 2726 ἐπιφέρειν
1609 2664 1699 2704 τω
1753 2645 1932 2730 θεω,
1975 2634 2100 2724 τὴν
2126 2633 2253 2726 ἀρ·-

177 2764 236 2805 25
269 2734 687 2825 χιερωσύνην
724 2734 1072 2807 ἀπέδωκεν
1103 2733 1401 2829 Ὑρκανῷ
1444 2738 1559 2809 διά
1585 2765 1674 2807 τε
1688 2729 1896 2809 ταλλα
1934 2734 2058 2808 όσα
2084 2737 2250 2826 χρή·-

264 2861 457 2927 σιμος
485 2835 780 2928 ὗπηρξεν
805 2836 990 2932 αὐτῷ
1021 2834 1207 2908 καὶ”
1168 2866 1272 2908 οτι
1299 2865 1456 2920 τους
1488 2867 1655 2910 κατα
1685 2839 1806 2928 τὴν
1832 2838 2059 2930 χώραν
2078 2837 2249 2908 ’Iov-

246 2947 501 3025 δαίους
534 2908 1024 3035 Ἀριστοβούλῳ
1080 2948 1535 3029 συμπολεμεῖν
1571 2943 1900 3029 ἐκώλυσε,
1941 2943 2055 3010 καὶ
2093 2938 2252 3020 τοὺς

262 3051 519 3126 αἰτίους
570 3051 735 3114 τοῦ
720 3047 1040 3133 πολέμου
1092 3049 1186 3138 τῷ
1226 3034 1490 3114 πελέκει
1534 3043 1960 3132 διεχρήσατο,
2010 3039 2131 3111 τὸν
2175 3041 2251 3113 δὲ

174 3204 189 3215 .
262 3154 583 3217 Φαῦστον
631 3150 747 3217 καὶ
787 3146 945 3229 τοὺς
985 3142 1264 3238 αλλους,
1321 3170 1468 3216 οσοι
1513 3171 1604 3239 τω
1644 3154 1847 3233 τείχει
1883 3144 2252 3234 προθύμως

175 3275 231 3318 ³0
264 3252 639 3340 ἐπέβησαν,
680 3256 820 3320 τῶν
858 3249 1258 3335 πρεπόντων
1298 3240 1653 3337 ἀριστείων
1680 3247 1936 3337 ἠξίωσε.
2022 3250 2135 3317 καὶ
2169 3274 2251 3317 τα

262 3353 388 3442 μὲν
408 3349 846 3442 ’Ἱεροσόλυμα
904 3349 1195 3441 ὑποτελῆ
1255 3351 1475 3440 φόρου
1505 3347 1849 3439 Ῥωμαίοις
1899 3352 2245 3440 ἐποίησεν·

263 3452 341 3539 ἃς
371 3455 449 3526 δὲ
477 3459 548 3525 οἱ
569 3462 820 3527 ἔνοικοι
852 3454 1179 3546 πρότερον
1207 3454 1433 3537 πόλεις
1460 3452 1895 3544 ἐχειρώσαντο
1935 3460 2052 3542 τῆς
2084 3458 2249 3521 Κοί-
