<?xml version="1.0" encoding="UTF-8"?>
<!DOCTYPE html PUBLIC "-//W3C//DTD XHTML 1.0 Transitional//EN"
    "http://www.w3.org/TR/xhtml1/DTD/xhtml1-transitional.dtd">
<html xmlns="http://www.w3.org/1999/xhtml" xml:lang="en" lang="en">
 <head>
  <title>
</title>
<meta http-equiv="Content-Type" content="text/html;charset=utf-8" />
  <meta name='ocr-system' content='tesseract 3.04.00' />
  <meta name='ocr-capabilities' content='ocr_page ocr_carea ocr_par ocr_line ocrx_word'/>
</head>
<body>
  <div class='ocr_page' id='page_1' title='image "./flaviiiosephiop00josegoog_0447.png"; bbox 0 0 2500 3882; ppageno 0'>
   <div class='ocr_carea' id='block_1_1' title="bbox 838 92 2187 204">
    <p class='ocr_par' dir='ltr' id='par_1_1' title="bbox 838 92 2187 204">
     <span class='ocr_line' id='line_1_1' title="bbox 838 92 2187 204; baseline 0.005 -8"><span class='ocrx_word' id='word_1_1' title='bbox 838 92 1580 199; x_wconf 69' lang='grc' dir='ltr'><em>ΕΠΤΑΚΑῙΔΕΚΑΤΗ</em></span> <span class='ocrx_word' id='word_1_2' title='bbox 2107 143 2187 204; x_wconf 80' lang='lat'><strong><em>79</em></strong></span> 
     </span>
    </p>
   </div>
   <div class='ocr_carea' id='block_1_2' title="bbox 71 294 2321 3279">
    <p class='ocr_par' dir='ltr' id='par_1_2' title="bbox 71 294 2321 3279">
     <span class='ocr_line' id='line_1_2' title="bbox 196 294 2241 433; baseline 0 -52"><span class='ocrx_word' id='word_1_3' title='bbox 196 317 322 381; x_wconf 78' lang='grc' dir='ltr'><strong><em>τοῦ</em></strong></span> <span class='ocrx_word' id='word_1_4' title='bbox 350 307 424 378; x_wconf 80' lang='grc' dir='ltr'><strong><em>τὸ</em></strong></span> <span class='ocrx_word' id='word_1_5' title='bbox 454 314 698 433; x_wconf 60' lang='grc' dir='ltr'><strong><em>γῆρας.)</em></strong></span> <span class='ocrx_word' id='word_1_6' title='bbox 735 308 993 398; x_wconf 83' lang='grc' dir='ltr'><strong><em>τροφάς</em></strong></span> <span class='ocrx_word' id='word_1_7' title='bbox 1029 336 1103 379; x_wconf 89' lang='grc' dir='ltr'><strong><em>τε</em></strong></span> <span class='ocrx_word' id='word_1_8' title='bbox 1145 310 1260 380; x_wconf 80' lang='grc' dir='ltr'><strong><em>καὶ</em></strong></span> <span class='ocrx_word' id='word_1_9' title='bbox 1288 308 1685 390; x_wconf 77' lang='grc' dir='ltr'><strong><em>παιδεύσεις</em></strong></span> <span class='ocrx_word' id='word_1_10' title='bbox 1725 338 1804 392; x_wconf 90' lang='grc' dir='ltr'><strong><em>ας</em></strong></span> <span class='ocrx_word' id='word_1_11' title='bbox 1836 294 2187 400; x_wconf 79' lang='grc' dir='ltr'><strong><em>ποιήσαιτο</em></strong></span> <span class='ocrx_word' id='word_1_12' title='bbox 2228 397 2241 410; x_wconf 38' lang='grc' dir='ltr'><em>Ι</em></span> 
     </span>
     <span class='ocr_line' id='line_1_3' title="bbox 199 405 2283 513; baseline 0 -30"><span class='ocrx_word' id='word_1_13' title='bbox 199 410 430 483; x_wconf 80' lang='grc' dir='ltr'><strong><em>αὐτῶν</em></strong></span> <span class='ocrx_word' id='word_1_14' title='bbox 456 411 896 502; x_wconf 76' lang='grc' dir='ltr'><strong><em>ἐξηγούμενος</em></strong></span> <span class='ocrx_word' id='word_1_15' title='bbox 914 465 934 500; x_wconf 94' lang='grc'><strong><em>,</em></strong></span> <span class='ocrx_word' id='word_1_16' title='bbox 975 413 1090 481; x_wconf 89' lang='grc' dir='ltr'><strong><em>καὶ</em></strong></span> <span class='ocrx_word' id='word_1_17' title='bbox 1115 405 1421 483; x_wconf 80' lang='grc' dir='ltr'><strong><em>πλούτου</em></strong></span> <span class='ocrx_word' id='word_1_18' title='bbox 1443 410 1794 502; x_wconf 75' lang='grc' dir='ltr'><strong><em>εὐκαιρίαν</em></strong></span> <span class='ocrx_word' id='word_1_19' title='bbox 1823 417 1899 484; x_wconf 80' lang='grc' dir='ltr'><strong><em>ἐν</em></strong></span> <span class='ocrx_word' id='word_1_20' title='bbox 1930 430 2187 513; x_wconf 77' lang='grc' dir='ltr'><strong><em>καιροῖς</em></strong></span> <span class='ocrx_word' id='word_1_21' title='bbox 2278 462 2283 469; x_wconf 82' lang='lat'><em>-</em></span> 
     </span>
     <span class='ocr_line' id='line_1_4' title="bbox 201 507 2188 605; baseline 0 -19"><span class='ocrx_word' id='word_1_22' title='bbox 201 513 294 597; x_wconf 82' lang='grc' dir='ltr'><strong><em>ῶς</em></strong></span> <span class='ocrx_word' id='word_1_23' title='bbox 333 515 729 605; x_wconf 74' lang='grc' dir='ltr'><strong><em>ἐθελήσειαν</em></strong></span> <span class='ocrx_word' id='word_1_24' title='bbox 772 526 1220 603; x_wconf 76' lang='grc' dir='ltr'><strong><em>προτεθεῖσαν</em></strong></span> <span class='ocrx_word' id='word_1_25' title='bbox 1262 521 1356 596; x_wconf 86' lang='grc' dir='ltr'><strong><em>είς</em></strong></span> <span class='ocrx_word' id='word_1_26' title='bbox 1400 515 1649 586; x_wconf 87' lang='grc' dir='ltr'><strong><em>πάντα·</em></strong></span> <span class='ocrx_word' id='word_1_27' title='bbox 1702 507 1801 585; x_wconf 84' lang='grc' dir='ltr'><strong><em>ῶν</em></strong></span> <span class='ocrx_word' id='word_1_28' title='bbox 1839 515 2044 587; x_wconf 71' lang='grc' dir='ltr'><strong><em>οὐδὲν</em></strong></span> <span class='ocrx_word' id='word_1_29' title='bbox 2078 515 2188 586; x_wconf 79' lang='grc' dir='ltr'><strong><em>ἐπ’</em></strong></span> 
     </span>
     <span class='ocr_line' id='line_1_5' title="bbox 200 614 2188 710; baseline 0 -22"><span class='ocrx_word' id='word_1_30' title='bbox 200 624 640 708; x_wconf 78' lang='grc' dir='ltr'><strong><em>ἐμποδίσματι</em></strong></span> <span class='ocrx_word' id='word_1_31' title='bbox 656 620 988 707; x_wconf 84' lang='grc' dir='ltr'><strong><em>γενέσθαι</em></strong></span> <span class='ocrx_word' id='word_1_32' title='bbox 1013 624 1136 697; x_wconf 82' lang='grc' dir='ltr'><strong><em>τοῦ</em></strong></span> <span class='ocrx_word' id='word_1_33' title='bbox 1174 616 1264 707; x_wconf 83' lang='grc' dir='ltr'><strong><em>μὴ</em></strong></span> <span class='ocrx_word' id='word_1_34' title='bbox 1294 614 1420 688; x_wconf 78' lang='grc' dir='ltr'><strong><em>οὐκ</em></strong></span> <span class='ocrx_word' id='word_1_35' title='bbox 1447 622 1771 710; x_wconf 81' lang='grc' dir='ltr'><strong><em>ἐπιβουλῇ</em></strong></span> <span class='ocrx_word' id='word_1_36' title='bbox 1798 625 1878 710; x_wconf 80' lang='grc' dir='ltr'><strong><em>τῇ</em></strong></span> <span class='ocrx_word' id='word_1_37' title='bbox 1907 623 2188 690; x_wconf 74' lang='grc' dir='ltr'><strong><em>ἐκείνων</em></strong></span> 
     </span>
     <span class='ocr_line' id='line_1_6' title="bbox 143 716 2188 812; baseline 0.001 -22"><span class='ocrx_word' id='word_1_38' title='bbox 143 751 171 790; x_wconf 85' lang='lat'><strong>5</strong></span> <span class='ocrx_word' id='word_1_39' title='bbox 200 727 640 792; x_wconf 86' lang='grc' dir='ltr'><strong><em>κινδυνεῦσαι</em></strong></span> <span class='ocrx_word' id='word_1_40' title='bbox 666 728 984 790; x_wconf 81' lang='grc' dir='ltr'><strong><em>τελευτᾶν</em></strong></span> <span class='ocrx_word' id='word_1_41' title='bbox 998 772 1017 808; x_wconf 87' lang='grc'><strong><em>,</em></strong></span> <span class='ocrx_word' id='word_1_42' title='bbox 1056 716 1228 811; x_wconf 73' lang='grc' dir='ltr'><strong><em>ὑπὲρ</em></strong></span> <span class='ocrx_word' id='word_1_43' title='bbox 1256 727 1379 792; x_wconf 85' lang='grc' dir='ltr'><strong><em>τοῦ</em></strong></span> <span class='ocrx_word' id='word_1_44' title='bbox 1405 727 1667 791; x_wconf 87' lang='grc' dir='ltr'><strong><em>θασσον</em></strong></span> <span class='ocrx_word' id='word_1_45' title='bbox 1693 726 2039 811; x_wconf 75' lang='grc' dir='ltr'><strong><em>δυσσεβῶς</em></strong></span> <span class='ocrx_word' id='word_1_46' title='bbox 2063 720 2188 812; x_wconf 82' lang='grc' dir='ltr'><strong><em>τὴν</em></strong></span> 
     </span>
     <span class='ocr_line' id='line_1_7' title="bbox 201 816 2186 950; baseline 0.003 -57"><span class='ocrx_word' id='word_1_47' title='bbox 201 816 549 913; x_wconf 82' lang='grc' dir='ltr'><strong><em>βασιλείαν</em></strong></span> <span class='ocrx_word' id='word_1_48' title='bbox 575 821 992 950; x_wconf 80' lang='grc' dir='ltr'><strong><em>παραλαβεῖν</em></strong></span> <span class='ocrx_word' id='word_1_49' title='bbox 1019 817 1064 911; x_wconf 81' lang='grc' dir='ltr'><strong><em>ἦ</em></strong></span> <span class='ocrx_word' id='word_1_50' title='bbox 1090 825 1357 912; x_wconf 81' lang='grc' dir='ltr'><strong><em>φύσεως</em></strong></span> <span class='ocrx_word' id='word_1_51' title='bbox 1382 824 1568 916; x_wconf 83' lang='grc' dir='ltr'><strong><em>νόμω</em></strong></span> <span class='ocrx_word' id='word_1_52' title='bbox 1595 825 2038 913; x_wconf 76' lang='grc' dir='ltr'><strong><em>μεταστάντος</em></strong></span> <span class='ocrx_word' id='word_1_53' title='bbox 2066 822 2186 899; x_wconf 56' lang='grc' dir='ltr'><strong><em>εὕὲ</em></strong></span> 
     </span>
     <span class='ocr_line' id='line_1_8' title="bbox 199 924 2185 1018; baseline 0.001 -23"><span class='ocrx_word' id='word_1_54' title='bbox 199 932 284 1016; x_wconf 77' lang='grc' dir='ltr'><strong><em>χῇ</em></strong></span> <span class='ocrx_word' id='word_1_55' title='bbox 314 954 385 996; x_wconf 89' lang='grc' dir='ltr'><strong><em>τε</em></strong></span> <span class='ocrx_word' id='word_1_56' title='bbox 410 934 532 997; x_wconf 85' lang='grc' dir='ltr'><strong><em>τοῦ</em></strong></span> <span class='ocrx_word' id='word_1_57' title='bbox 564 925 813 1014; x_wconf 85' lang='grc' dir='ltr'><strong><em>πατρὸς</em></strong></span> <span class='ocrx_word' id='word_1_58' title='bbox 841 929 953 996; x_wconf 82' lang='grc' dir='ltr'><strong><em>καὶ</em></strong></span> <span class='ocrx_word' id='word_1_59' title='bbox 979 931 1155 1018; x_wconf 79' lang='grc' dir='ltr'><strong><em>δίκῃ.</em></strong></span> <span class='ocrx_word' id='word_1_60' title='bbox 1210 927 1331 996; x_wconf 91' lang='grc' dir='ltr'><strong><em>τόν</em></strong></span> <span class='ocrx_word' id='word_1_61' title='bbox 1359 954 1429 997; x_wconf 91' lang='grc' dir='ltr'><strong><em>τε</em></strong></span> <span class='ocrx_word' id='word_1_62' title='bbox 1452 924 1888 1017; x_wconf 86' lang='grc' dir='ltr'><strong><em>Ἀντίπατρον</em></strong></span> <span class='ocrx_word' id='word_1_63' title='bbox 1912 927 2185 1016; x_wconf 87' lang='grc' dir='ltr'><strong><em>θαυμά-</em></strong></span> 
     </span>
     <span class='ocr_line' id='line_1_9' title="bbox 202 1030 2185 1119; baseline 0 -20"><span class='ocrx_word' id='word_1_64' title='bbox 202 1040 373 1116; x_wconf 81' lang='grc' dir='ltr'><strong><em>ζειν,</em></strong></span> <span class='ocrx_word' id='word_1_65' title='bbox 426 1036 631 1099; x_wconf 87' lang='grc' dir='ltr'><strong><em>τίνων</em></strong></span> <span class='ocrx_word' id='word_1_66' title='bbox 684 1033 906 1099; x_wconf 81' lang='grc' dir='ltr'><strong><em>ἐλπίδι</em></strong></span> <span class='ocrx_word' id='word_1_67' title='bbox 955 1031 1285 1117; x_wconf 81' lang='grc' dir='ltr'><strong><em>ἐπαρθεὶς</em></strong></span> <span class='ocrx_word' id='word_1_68' title='bbox 1312 1030 1717 1119; x_wconf 83' lang='grc' dir='ltr'><strong><em>θαρσήσειεν</em></strong></span> <span class='ocrx_word' id='word_1_69' title='bbox 1761 1032 1871 1103; x_wconf 78' lang='grc' dir='ltr'><strong><em>ἐπὶ</em></strong></span> <span class='ocrx_word' id='word_1_70' title='bbox 1910 1038 2185 1100; x_wconf 75' lang='grc' dir='ltr'><strong><em>τοιαῦτα</em></strong></span> 
     </span>
     <span class='ocr_line' id='line_1_10' title="bbox 201 1120 2217 1227; baseline 0.001 -26"><span class='ocrx_word' id='word_1_71' title='bbox 201 1147 446 1220; x_wconf 80' lang='grc' dir='ltr'><strong><em>χωρεῖν</em></strong></span> <span class='ocrx_word' id='word_1_72' title='bbox 472 1131 561 1221; x_wconf 84' lang='grc' dir='ltr'><strong><em>μὴ</em></strong></span> <span class='ocrx_word' id='word_1_73' title='bbox 589 1128 1073 1221; x_wconf 75' lang='grc' dir='ltr'><strong><em>ἀποτραπῆναι.</em></strong></span> <span class='ocrx_word' id='word_1_74' title='bbox 1161 1120 1481 1219; x_wconf 78' lang='grc' dir='ltr'><strong><em>διάδοχον</em></strong></span> <span class='ocrx_word' id='word_1_75' title='bbox 1520 1133 1644 1220; x_wconf 70' lang='grc' dir='ltr'><strong><em>μὲν</em></strong></span> <span class='ocrx_word' id='word_1_76' title='bbox 1669 1132 1798 1222; x_wconf 78' lang='grc' dir='ltr'><strong><em>γὰρ</em></strong></span> <span class='ocrx_word' id='word_1_77' title='bbox 1827 1130 2217 1227; x_wconf 68' lang='grc' dir='ltr'><strong><em>άποφήνα-“</em></strong></span> 
     </span>
     <span class='ocr_line' id='line_1_11' title="bbox 107 1231 2221 1325; baseline 0 -20"><span class='ocrx_word' id='word_1_78' title='bbox 107 1266 163 1306; x_wconf 76' lang='grc' dir='ltr'><strong><em>ιο</em></strong></span> <span class='ocrx_word' id='word_1_79' title='bbox 204 1245 371 1304; x_wconf 84' lang='grc' dir='ltr'><strong><em>σθαι</em></strong></span> <span class='ocrx_word' id='word_1_80' title='bbox 400 1232 510 1304; x_wconf 81' lang='grc' dir='ltr'><strong><em>διὰ</em></strong></span> <span class='ocrx_word' id='word_1_81' title='bbox 552 1234 958 1325; x_wconf 78' lang='grc' dir='ltr'><strong><em>γραμμάτων</em></strong></span> <span class='ocrx_word' id='word_1_82' title='bbox 985 1241 1100 1321; x_wconf 84' lang='grc' dir='ltr'><strong><em>τῆς</em></strong></span> <span class='ocrx_word' id='word_1_83' title='bbox 1126 1231 1363 1323; x_wconf 71' lang='grc' dir='ltr'><strong><em>ἀρχῆς,</em></strong></span> <span class='ocrx_word' id='word_1_84' title='bbox 1404 1241 1644 1318; x_wconf 80' lang='grc' dir='ltr'><strong><em>ζῶντος</em></strong></span> <span class='ocrx_word' id='word_1_85' title='bbox 1685 1236 1761 1306; x_wconf 72' lang='grc' dir='ltr'><strong><em>δὲ</em></strong></span> <span class='ocrx_word' id='word_1_86' title='bbox 1799 1232 1905 1306; x_wconf 81' lang='grc' dir='ltr'><strong><em>ἐπ’</em></strong></span> <span class='ocrx_word' id='word_1_87' title='bbox 1948 1233 2221 1309; x_wconf 54' lang='grc' dir='ltr'><strong><em>οὐδενί</em></strong></span> 
     </span>
     <span class='ocr_line' id='line_1_12' title="bbox 169 1334 2187 1433; baseline 0.001 -26.015"><span class='ocrx_word' id='word_1_88' title='bbox 169 1352 614 1433; x_wconf 78' lang='grc' dir='ltr'><strong><em>μειονεκτεῖν</em></strong></span> <span class='ocrx_word' id='word_1_89' title='bbox 640 1334 1006 1426; x_wconf 78' lang='grc' dir='ltr'><strong><em>ἄξιωματός</em></strong></span> <span class='ocrx_word' id='word_1_90' title='bbox 1045 1363 1117 1406; x_wconf 91' lang='grc' dir='ltr'><strong><em>τε</em></strong></span> <span class='ocrx_word' id='word_1_91' title='bbox 1144 1340 1505 1429; x_wconf 81' lang='grc' dir='ltr'><strong><em>ἐπιφανεία</em></strong></span> <span class='ocrx_word' id='word_1_92' title='bbox 1540 1340 1654 1407; x_wconf 80' lang='grc' dir='ltr'><strong><em>καὶ</em></strong></span> <span class='ocrx_word' id='word_1_93' title='bbox 1682 1339 1966 1427; x_wconf 78' lang='grc' dir='ltr'><strong><em>δυνάμει</em></strong></span> <span class='ocrx_word' id='word_1_94' title='bbox 1993 1342 2187 1421; x_wconf 79' lang='grc' dir='ltr'><strong><em>ἐξου-</em></strong></span> 
     </span>
     <span class='ocr_line' id='line_1_13' title="bbox 200 1439 2184 1530; baseline 0 -20"><span class='ocrx_word' id='word_1_95' title='bbox 200 1447 371 1524; x_wconf 87' lang='grc' dir='ltr'><strong><em>σίας,</em></strong></span> <span class='ocrx_word' id='word_1_96' title='bbox 400 1439 806 1525; x_wconf 87' lang='grc' dir='ltr'><strong><em>πεντήκοντα</em></strong></span> <span class='ocrx_word' id='word_1_97' title='bbox 832 1439 957 1529; x_wconf 75' lang='grc' dir='ltr'><strong><em>μὲν</em></strong></span> <span class='ocrx_word' id='word_1_98' title='bbox 983 1439 1277 1509; x_wconf 87' lang='grc' dir='ltr'><strong><em>τάλαντα</em></strong></span> <span class='ocrx_word' id='word_1_99' title='bbox 1304 1442 1602 1510; x_wconf 81' lang='grc' dir='ltr'><strong><em>ἐπέτειον</em></strong></span> <span class='ocrx_word' id='word_1_100' title='bbox 1626 1440 1964 1528; x_wconf 88' lang='grc' dir='ltr'><strong><em>πρόσοδον</em></strong></span> <span class='ocrx_word' id='word_1_101' title='bbox 1991 1469 2184 1530; x_wconf 89' lang='grc' dir='ltr'><strong><em>κομι-</em></strong></span> 
     </span>
     <span class='ocr_line' id='line_1_14' title="bbox 200 1540 2184 1647; baseline -0.001 -34"><span class='ocrx_word' id='word_1_102' title='bbox 200 1543 531 1631; x_wconf 88' lang='grc' dir='ltr'><strong><em>σάμενον,</em></strong></span> <span class='ocrx_word' id='word_1_103' title='bbox 591 1541 852 1647; x_wconf 83' lang='grc' dir='ltr'><strong><em>δωρεαν</em></strong></span> <span class='ocrx_word' id='word_1_104' title='bbox 906 1540 972 1612; x_wconf 87' lang='grc' dir='ltr'><strong><em>δ’</em></strong></span> <span class='ocrx_word' id='word_1_105' title='bbox 1034 1542 1352 1631; x_wconf 81' lang='grc' dir='ltr'><strong><em>εἰληφότα</em></strong></span> <span class='ocrx_word' id='word_1_106' title='bbox 1405 1540 1573 1612; x_wconf 85' lang='grc' dir='ltr'><strong><em>ὁδοῦ</em></strong></span> <span class='ocrx_word' id='word_1_107' title='bbox 1626 1549 1740 1633; x_wconf 77' lang='grc' dir='ltr'><strong><em>τῆς</em></strong></span> <span class='ocrx_word' id='word_1_108' title='bbox 1795 1546 1887 1626; x_wconf 87' lang='grc' dir='ltr'><strong><em>είς</em></strong></span> <span class='ocrx_word' id='word_1_109' title='bbox 1930 1541 2184 1632; x_wconf 82' lang='grc' dir='ltr'><strong><em>Ρῶμην</em></strong></span> 
     </span>
     <span class='ocr_line' id='line_1_15' title="bbox 198 1635 2183 1735; baseline 0 -19"><span class='ocrx_word' id='word_1_110' title='bbox 198 1652 603 1735; x_wconf 83' lang='grc' dir='ltr'><strong><em>τριακοσίων</em></strong></span> <span class='ocrx_word' id='word_1_111' title='bbox 645 1635 988 1716; x_wconf 82' lang='grc' dir='ltr'><strong><em>ταλάντων</em></strong></span> <span class='ocrx_word' id='word_1_112' title='bbox 1031 1642 1349 1734; x_wconf 79' lang='grc' dir='ltr'><strong><em>ἀριθμόν.</em></strong></span> <span class='ocrx_word' id='word_1_113' title='bbox 1432 1645 1738 1717; x_wconf 73' lang='grc' dir='ltr'><strong><em>ἐπεκάλει</em></strong></span> <span class='ocrx_word' id='word_1_114' title='bbox 1780 1646 1855 1716; x_wconf 72' lang='grc' dir='ltr'><strong><em>δὲ</em></strong></span> <span class='ocrx_word' id='word_1_115' title='bbox 1897 1649 2010 1716; x_wconf 83' lang='grc' dir='ltr'><strong><em>καὶ</em></strong></span> <span class='ocrx_word' id='word_1_116' title='bbox 2047 1653 2183 1716; x_wconf 87' lang='grc' dir='ltr'><strong><em>τῶν</em></strong></span> 
     </span>
     <span class='ocr_line' id='line_1_16' title="bbox 104 1747 2182 1870; baseline -0.002 -49"><span class='ocrx_word' id='word_1_117' title='bbox 104 1781 158 1821; x_wconf 84' lang='lat'><strong><em>15</em></strong></span> <span class='ocrx_word' id='word_1_118' title='bbox 200 1747 552 1837; x_wconf 80' lang='grc' dir='ltr'><strong><em>ἀδελφῶν,</em></strong></span> <span class='ocrx_word' id='word_1_119' title='bbox 596 1755 661 1819; x_wconf 86' lang='grc' dir='ltr'><strong><em>εί</em></strong></span> <span class='ocrx_word' id='word_1_120' title='bbox 681 1748 806 1838; x_wconf 70' lang='grc' dir='ltr'><strong><em>μὲν</em></strong></span> <span class='ocrx_word' id='word_1_121' title='bbox 833 1755 1148 1870; x_wconf 76' lang='grc' dir='ltr'><strong><em>πονηρῶν</em></strong></span> <span class='ocrx_word' id='word_1_122' title='bbox 1175 1747 1553 1837; x_wconf 78' lang='grc' dir='ltr'><strong><em>γεγονότων</em></strong></span> <span class='ocrx_word' id='word_1_123' title='bbox 1578 1748 1983 1840; x_wconf 82' lang='grc' dir='ltr'><strong><em>κατηγδρίαν</em></strong></span> <span class='ocrx_word' id='word_1_124' title='bbox 2011 1776 2182 1836; x_wconf 90' lang='grc' dir='ltr'><strong><em>προ-</em></strong></span> 
     </span>
     <span class='ocr_line' id='line_1_17' title="bbox 199 1850 2183 1945; baseline -0.001 -23"><span class='ocrx_word' id='word_1_125' title='bbox 199 1855 490 1945; x_wconf 73' lang='grc' dir='ltr'><strong><em>θεμένῳ,</em></strong></span> <span class='ocrx_word' id='word_1_126' title='bbox 517 1860 766 1943; x_wconf 80' lang='grc' dir='ltr'><strong><em>μιμητῇ</em></strong></span> <span class='ocrx_word' id='word_1_127' title='bbox 792 1850 1096 1941; x_wconf 88' lang='grc' dir='ltr'><strong><em>γεγονότι</em></strong></span> <span class='ocrx_word' id='word_1_128' title='bbox 1113 1902 1132 1938; x_wconf 94' lang='grc'><strong><em>,</em></strong></span> <span class='ocrx_word' id='word_1_129' title='bbox 1178 1858 1241 1920; x_wconf 87' lang='grc' dir='ltr'><strong><em>εί</em></strong></span> <span class='ocrx_word' id='word_1_130' title='bbox 1267 1851 1342 1921; x_wconf 77' lang='grc' dir='ltr'><strong><em>δὲ</em></strong></span> <span class='ocrx_word' id='word_1_131' title='bbox 1366 1852 1488 1939; x_wconf 86' lang='grc' dir='ltr'><strong><em>μή,</em></strong></span> <span class='ocrx_word' id='word_1_132' title='bbox 1528 1850 1645 1921; x_wconf 78' lang='grc' dir='ltr'><strong><em>διὰ</em></strong></span> <span class='ocrx_word' id='word_1_133' title='bbox 1676 1859 1875 1940; x_wconf 81' lang='grc' dir='ltr'><strong><em>κενῆς</em></strong></span> <span class='ocrx_word' id='word_1_134' title='bbox 1899 1857 2183 1922; x_wconf 81' lang='grc' dir='ltr'><strong><em>τοιῶνδε</em></strong></span> 
     </span>
     <span class='ocr_line' id='line_1_18' title="bbox 200 1952 2180 2047; baseline -0.001 -20"><span class='ocrx_word' id='word_1_135' title='bbox 200 1954 549 2046; x_wconf 75' lang='grc' dir='ltr'><strong><em>ἐπαγωγὰς</em></strong></span> <span class='ocrx_word' id='word_1_136' title='bbox 578 1955 891 2045; x_wconf 75' lang='grc' dir='ltr'><strong><em>ἐπάγοντι</em></strong></span> <span class='ocrx_word' id='word_1_137' title='bbox 918 1952 1102 2047; x_wconf 74' lang='grc' dir='ltr'><strong><em>αὐτῷ</em></strong></span> <span class='ocrx_word' id='word_1_138' title='bbox 1121 1961 1258 2024; x_wconf 84' lang='grc' dir='ltr'><strong><em>τῶν</em></strong></span> <span class='ocrx_word' id='word_1_139' title='bbox 1274 1963 1654 2043; x_wconf 76' lang='grc' dir='ltr'><strong><em>συγγενῶν.</em></strong></span> <span class='ocrx_word' id='word_1_140' title='bbox 1700 1954 1781 2025; x_wconf 77' lang='grc' dir='ltr'><strong><em>τὰ</em></strong></span> <span class='ocrx_word' id='word_1_141' title='bbox 1807 1954 1935 2045; x_wconf 79' lang='grc' dir='ltr'><strong><em>γὰρ</em></strong></span> <span class='ocrx_word' id='word_1_142' title='bbox 1964 1955 2180 2026; x_wconf 90' lang='grc' dir='ltr'><strong><em>πάντα</em></strong></span> 
     </span>
     <span class='ocr_line' id='line_1_19' title="bbox 200 2053 2179 2148; baseline -0.001 -20"><span class='ocrx_word' id='word_1_143' title='bbox 200 2057 594 2147; x_wconf 76' lang='grc' dir='ltr'><strong><em>οὐδαμόθεν</em></strong></span> <span class='ocrx_word' id='word_1_144' title='bbox 618 2055 767 2138; x_wconf 81' lang='grc' dir='ltr'><strong><em>ἀλλ’</em></strong></span> <span class='ocrx_word' id='word_1_145' title='bbox 801 2053 844 2147; x_wconf 77' lang='grc' dir='ltr'><strong><em>ἦ</em></strong></span> <span class='ocrx_word' id='word_1_146' title='bbox 862 2056 1142 2146; x_wconf 85' lang='grc' dir='ltr'><strong><em>μηνύσει</em></strong></span> <span class='ocrx_word' id='word_1_147' title='bbox 1165 2065 1246 2148; x_wconf 82' lang='grc' dir='ltr'><strong><em>τῇ</em></strong></span> <span class='ocrx_word' id='word_1_148' title='bbox 1268 2062 1534 2127; x_wconf 82' lang='grc' dir='ltr'><strong><em>ἐκείνου</em></strong></span> <span class='ocrx_word' id='word_1_149' title='bbox 1552 2058 1985 2147; x_wconf 88' lang='grc' dir='ltr'><strong><em>μεμαθηκότα</em></strong></span> <span class='ocrx_word' id='word_1_150' title='bbox 2004 2061 2179 2144; x_wconf 76' lang='grc' dir='ltr'><strong><em>πρά-</em></strong></span> 
     </span>
     <span class='ocr_line' id='line_1_20' title="bbox 198 2156 2278 2286; baseline -0.001 -55"><span class='ocrx_word' id='word_1_151' title='bbox 198 2164 304 2252; x_wconf 79' lang='grc' dir='ltr'><strong><em>ξαι</em></strong></span> <span class='ocrx_word' id='word_1_152' title='bbox 333 2189 414 2230; x_wconf 90' lang='grc' dir='ltr'><strong><em>τα</em></strong></span> <span class='ocrx_word' id='word_1_153' title='bbox 443 2157 549 2231; x_wconf 74' lang='grc' dir='ltr'><strong><em>ἐπ’</em></strong></span> <span class='ocrx_word' id='word_1_154' title='bbox 607 2156 836 2241; x_wconf 86' lang='grc' dir='ltr'><strong><em>αυτοῖς</em></strong></span> <span class='ocrx_word' id='word_1_155' title='bbox 862 2163 1294 2286; x_wconf 85' lang='grc' dir='ltr'><strong><em>πεπραγμένα</em></strong></span> <span class='ocrx_word' id='word_1_156' title='bbox 1338 2158 1571 2250; x_wconf 84' lang='grc' dir='ltr'><strong><em>γνῶμῃ</em></strong></span> <span class='ocrx_word' id='word_1_157' title='bbox 1599 2167 1678 2250; x_wconf 82' lang='grc' dir='ltr'><strong><em>τῇ</em></strong></span> <span class='ocrx_word' id='word_1_158' title='bbox 1706 2164 2002 2230; x_wconf 82' lang='grc' dir='ltr'><strong><em>ἐκείνου·</em></strong></span> <span class='ocrx_word' id='word_1_159' title='bbox 2060 2156 2182 2241; x_wconf 72' lang='grc' dir='ltr'><strong><em>οὓς</em></strong></span> <span class='ocrx_word' id='word_1_160' title='bbox 2274 2233 2278 2242; x_wconf 64' lang='grc'><strong><em>,</em></strong></span> 
     </span>
     <span class='ocr_line' id='line_1_21' title="bbox 71 2261 2221 2388; baseline -0.001 -51"><span class='ocrx_word' id='word_1_161' title='bbox 71 2345 76 2358; x_wconf 52' lang='grc'><strong><em>,</em></strong></span> <span class='ocrx_word' id='word_1_162' title='bbox 105 2297 161 2338; x_wconf 84' lang='lat'><strong><em>20</em></strong></span> <span class='ocrx_word' id='word_1_163' title='bbox 197 2261 524 2335; x_wconf 78' lang='grc' dir='ltr'><strong><em>ἀπολύειν</em></strong></span> <span class='ocrx_word' id='word_1_164' title='bbox 563 2269 779 2333; x_wconf 84' lang='grc' dir='ltr'><strong><em>κακοῦ</em></strong></span> <span class='ocrx_word' id='word_1_165' title='bbox 827 2261 1072 2350; x_wconf 80' lang='grc' dir='ltr'><strong><em>παντὸς</em></strong></span> <span class='ocrx_word' id='word_1_166' title='bbox 1100 2263 1521 2352; x_wconf 85' lang='grc' dir='ltr'><strong><em>κληρονόμον</em></strong></span> <span class='ocrx_word' id='word_1_167' title='bbox 1557 2271 1670 2353; x_wconf 81' lang='grc' dir='ltr'><strong><em>τῆς</em></strong></span> <span class='ocrx_word' id='word_1_168' title='bbox 1699 2269 2221 2388; x_wconf 81' lang='grc' dir='ltr'><strong><em>πατροκτονίας</em></strong></span> 
     </span>
     <span class='ocr_line' id='line_1_22' title="bbox 175 2361 967 2455; baseline -0.003 -16.95"><span class='ocrx_word' id='word_1_169' title='bbox 175 2361 424 2450; x_wconf 80' lang='grc' dir='ltr'><strong><em>αὖτοῖς</em></strong></span> <span class='ocrx_word' id='word_1_170' title='bbox 449 2366 967 2455; x_wconf 85' lang='grc' dir='ltr'><strong><em>καθιστάμενον.</em></strong></span> 
     </span>
     <span class='ocr_line' id='line_1_23' title="bbox 349 2466 2253 2559; baseline -0.002 -18"><span class='ocrx_word' id='word_1_171' title='bbox 349 2466 556 2541; x_wconf 78' lang='grc' dir='ltr'><strong><em>ταῦθ’</em></strong></span> <span class='ocrx_word' id='word_1_172' title='bbox 601 2498 737 2559; x_wconf 89' lang='grc' dir='ltr'><strong><em>αμα</em></strong></span> <span class='ocrx_word' id='word_1_173' title='bbox 780 2471 997 2559; x_wconf 81' lang='grc' dir='ltr'><strong><em>λέγων</em></strong></span> <span class='ocrx_word' id='word_1_174' title='bbox 1039 2475 1133 2550; x_wconf 87' lang='grc' dir='ltr'><strong><em>είς</em></strong></span> <span class='ocrx_word' id='word_1_175' title='bbox 1171 2467 1435 2559; x_wconf 87' lang='grc' dir='ltr'><strong><em>δάκρυα</em></strong></span> <span class='ocrx_word' id='word_1_176' title='bbox 1470 2472 1812 2559; x_wconf 89' lang='grc' dir='ltr'><strong><em>τρέπεται,</em></strong></span> <span class='ocrx_word' id='word_1_177' title='bbox 1858 2469 2079 2557; x_wconf 84' lang='grc' dir='ltr'><strong><em>λέγειν</em></strong></span> <span class='ocrx_word' id='word_1_178' title='bbox 2108 2495 2179 2538; x_wconf 90' lang='grc' dir='ltr'><strong><em>τε</em></strong></span> <span class='ocrx_word' id='word_1_179' title='bbox 2216 2491 2253 2545; x_wconf 81' lang='lat'>4</span> 
     </span>
     <span class='ocr_line' id='line_1_24' title="bbox 198 2563 2321 2698; baseline 0 -57"><span class='ocrx_word' id='word_1_180' title='bbox 198 2599 448 2660; x_wconf 87' lang='grc' dir='ltr'><strong><em>απορος</em></strong></span> <span class='ocrx_word' id='word_1_181' title='bbox 476 2563 581 2660; x_wconf 82' lang='grc' dir='ltr'><strong><em>ἦν.</em></strong></span> <span class='ocrx_word' id='word_1_182' title='bbox 669 2576 783 2643; x_wconf 80' lang='grc' dir='ltr'><strong><em>καὶ</em></strong></span> <span class='ocrx_word' id='word_1_183' title='bbox 824 2572 1163 2698; x_wconf 85' lang='grc' dir='ltr'><strong><em>Νικόλαος</em></strong></span> <span class='ocrx_word' id='word_1_184' title='bbox 1199 2566 1235 2641; x_wconf 90' lang='lat'>6</span> <span class='ocrx_word' id='word_1_185' title='bbox 1279 2563 1724 2661; x_wconf 81' lang='grc' dir='ltr'><strong><em>Δαμασκηνὸς</em></strong></span> <span class='ocrx_word' id='word_1_186' title='bbox 1759 2580 1976 2674; x_wconf 85' lang='grc' dir='ltr'><strong><em>φίλος</em></strong></span> <span class='ocrx_word' id='word_1_187' title='bbox 1982 2599 2054 2642; x_wconf 85' lang='grc' dir='ltr'><strong><em>τε</em></strong></span> <span class='ocrx_word' id='word_1_188' title='bbox 2082 2567 2183 2641; x_wconf 78' lang='grc' dir='ltr'><strong><em>ῶν</em></strong></span> <span class='ocrx_word' id='word_1_189' title='bbox 2256 2589 2261 2600; x_wconf 82' lang='grc'><strong>”</strong></span> <span class='ocrx_word' id='word_1_190' title='bbox 2298 2601 2321 2612; x_wconf 59' lang='grc'><strong><em>·’</em></strong></span> 
     </span>
     <span class='ocr_line' id='line_1_25' title="bbox 185 2674 2235 2766; baseline -0.001 -22.993"><span class='ocrx_word' id='word_1_191' title='bbox 185 2681 322 2744; x_wconf 76' lang='grc' dir='ltr'><strong><em>τοῦ</em></strong></span> <span class='ocrx_word' id='word_1_192' title='bbox 349 2675 669 2764; x_wconf 84' lang='grc' dir='ltr'><strong><em>βασιλέως</em></strong></span> <span class='ocrx_word' id='word_1_193' title='bbox 694 2679 807 2750; x_wconf 82' lang='grc' dir='ltr'><strong><em>καὶ</em></strong></span> <span class='ocrx_word' id='word_1_194' title='bbox 834 2674 913 2743; x_wconf 80' lang='grc' dir='ltr'><strong><em>τὰ</em></strong></span> <span class='ocrx_word' id='word_1_195' title='bbox 940 2676 1153 2746; x_wconf 87' lang='grc' dir='ltr'><strong><em>πάντα</em></strong></span> <span class='ocrx_word' id='word_1_196' title='bbox 1181 2675 1747 2762; x_wconf 74' lang='grc' dir='ltr'><strong><em>συνδιαιτώμενος</em></strong></span> <span class='ocrx_word' id='word_1_197' title='bbox 1774 2678 2031 2766; x_wconf 80' lang='grc' dir='ltr'><strong><em>ἐκεινω,</em></strong></span> <span class='ocrx_word' id='word_1_198' title='bbox 2069 2675 2235 2744; x_wconf 87' lang='grc' dir='ltr'><strong><em>καὶ</em></strong></span> 
     </span>
     <span class='ocr_line' id='line_1_26' title="bbox 107 2772 2182 2868; baseline 0 -23"><span class='ocrx_word' id='word_1_199' title='bbox 107 2805 162 2845; x_wconf 81' lang='lat'><strong><em>25</em></strong></span> <span class='ocrx_word' id='word_1_200' title='bbox 196 2792 336 2860; x_wconf 87' lang='grc' dir='ltr'><strong><em>τοῖς</em></strong></span> <span class='ocrx_word' id='word_1_201' title='bbox 389 2776 774 2866; x_wconf 85' lang='grc' dir='ltr'><strong><em>πράγμασιν</em></strong></span> <span class='ocrx_word' id='word_1_202' title='bbox 830 2772 912 2846; x_wconf 83' lang='grc' dir='ltr'><strong><em>ὃν</em></strong></span> <span class='ocrx_word' id='word_1_203' title='bbox 946 2789 1314 2866; x_wconf 85' lang='grc' dir='ltr'><strong><em>πραχθεῖεν</em></strong></span> <span class='ocrx_word' id='word_1_204' title='bbox 1352 2777 1604 2868; x_wconf 89' lang='grc' dir='ltr'><strong><em>τρόπον</em></strong></span> <span class='ocrx_word' id='word_1_205' title='bbox 1657 2776 2182 2866; x_wconf 73' lang='grc' dir='ltr'><strong><em>παρατετευχώς,</em></strong></span> 
     </span>
     <span class='ocr_line' id='line_1_27' title="bbox 196 2875 2180 2970; baseline -0.002 -19"><span class='ocrx_word' id='word_1_206' title='bbox 196 2884 517 2970; x_wconf 82' lang='grc' dir='ltr'><strong><em>δεηθέντι</em></strong></span> <span class='ocrx_word' id='word_1_207' title='bbox 570 2887 662 2949; x_wconf 88' lang='grc' dir='ltr'><strong><em>τῶ</em></strong></span> <span class='ocrx_word' id='word_1_208' title='bbox 711 2888 979 2969; x_wconf 86' lang='grc' dir='ltr'><strong><em>βασιλεῖ</em></strong></span> <span class='ocrx_word' id='word_1_209' title='bbox 1022 2880 1103 2950; x_wconf 83' lang='grc' dir='ltr'><strong><em>τὰ</em></strong></span> <span class='ocrx_word' id='word_1_210' title='bbox 1145 2878 1346 2949; x_wconf 83' lang='grc' dir='ltr'><strong><em>λοιπά</em></strong></span> <span class='ocrx_word' id='word_1_211' title='bbox 1398 2888 1647 2969; x_wconf 80' lang='grc' dir='ltr'><strong><em>εἰπεῖν,</em></strong></span> <span class='ocrx_word' id='word_1_212' title='bbox 1701 2886 1930 2969; x_wconf 78' lang='grc' dir='ltr'><strong><em>ἔλεγεν</em></strong></span> <span class='ocrx_word' id='word_1_213' title='bbox 1965 2875 2180 2949; x_wconf 83' lang='grc' dir='ltr'><strong><em>ὁπόσα</em></strong></span> 
     </span>
     <span class='ocr_line' id='line_1_28' title="bbox 196 2974 2180 3073; baseline -0.002 -20"><span class='ocrx_word' id='word_1_214' title='bbox 196 2982 606 3066; x_wconf 72' lang='grc' dir='ltr'><strong><em>ἀποδείξεών</em></strong></span> <span class='ocrx_word' id='word_1_215' title='bbox 634 3009 705 3053; x_wconf 87' lang='grc' dir='ltr'><strong><em>τε</em></strong></span> <span class='ocrx_word' id='word_1_216' title='bbox 731 2985 1158 3071; x_wconf 76' lang='grc' dir='ltr'><strong><em>καὶ.έλέγχων</em></strong></span> <span class='ocrx_word' id='word_1_217' title='bbox 1187 2974 1538 3073; x_wconf 82' lang='grc' dir='ltr'><strong><em>ἐχόμενα</em></strong></span> <span class='ocrx_word' id='word_1_218' title='bbox 1495 3011 1598 3072; x_wconf 88' lang='grc' dir='ltr'><strong><em>ην.</em></strong></span> <span class='ocrx_word' id='word_1_219' title='bbox 1681 2985 1794 3054; x_wconf 83' lang='grc' dir='ltr'><strong><em>καὶ</em></strong></span> <span class='ocrx_word' id='word_1_220' title='bbox 1819 2989 1940 3053; x_wconf 82' lang='grc' dir='ltr'><strong><em>τοῦ</em></strong></span> <span class='ocrx_word' id='word_1_221' title='bbox 1963 2979 2180 3051; x_wconf 85' lang='grc' dir='ltr'><strong><em>Ἀντι-</em></strong></span> 
     </span>
     <span class='ocr_line' id='line_1_29' title="bbox 198 3084 2178 3178; baseline -0.002 -22"><span class='ocrx_word' id='word_1_222' title='bbox 198 3086 453 3176; x_wconf 90' lang='grc' dir='ltr'><strong><em>πάτρου</em></strong></span> <span class='ocrx_word' id='word_1_223' title='bbox 505 3085 673 3156; x_wconf 79' lang='grc' dir='ltr'><strong><em>κατὰ</em></strong></span> <span class='ocrx_word' id='word_1_224' title='bbox 728 3093 1189 3175; x_wconf 83' lang='grc' dir='ltr'><strong><em>δικαιολογίαν</em></strong></span> <span class='ocrx_word' id='word_1_225' title='bbox 1239 3086 1408 3178; x_wconf 85' lang='grc' dir='ltr'><strong><em>πρὸς</em></strong></span> <span class='ocrx_word' id='word_1_226' title='bbox 1450 3084 1568 3156; x_wconf 78' lang='grc' dir='ltr'><strong><em>τὸν</em></strong></span> <span class='ocrx_word' id='word_1_227' title='bbox 1607 3088 1855 3175; x_wconf 81' lang='grc' dir='ltr'><strong><em>πατέρα</em></strong></span> <span class='ocrx_word' id='word_1_228' title='bbox 1897 3113 2178 3173; x_wconf 83' lang='grc' dir='ltr'><strong><em>τετραμ-</em></strong></span> 
     </span>
     <span class='ocr_line' id='line_1_30' title="bbox 134 3185 2172 3279; baseline 0.001 -22.033"><span class='ocrx_word' id='word_1_229' title='bbox 134 3190 438 3276; x_wconf 83' lang='grc' dir='ltr'><strong><em>μένου,</em></strong></span> <span class='ocrx_word' id='word_1_230' title='bbox 479 3186 650 3259; x_wconf 80' lang='grc' dir='ltr'><strong><em>καὶ</em></strong></span> <span class='ocrx_word' id='word_1_231' title='bbox 619 3189 833 3260; x_wconf 89' lang='grc' dir='ltr'><strong><em>οπόσα</em></strong></span> <span class='ocrx_word' id='word_1_232' title='bbox 872 3195 1381 3279; x_wconf 86' lang='grc' dir='ltr'><strong><em>παραδείγματα</em></strong></span> <span class='ocrx_word' id='word_1_233' title='bbox 1403 3196 1519 3278; x_wconf 81' lang='grc' dir='ltr'><strong><em>τῆς</em></strong></span> <span class='ocrx_word' id='word_1_234' title='bbox 1555 3186 1823 3269; x_wconf 77' lang='grc' dir='ltr'><strong><em>εὐνοίας</em></strong></span> <span class='ocrx_word' id='word_1_235' title='bbox 1850 3186 2017 3278; x_wconf 84' lang='grc' dir='ltr'><strong><em>πρὸς</em></strong></span> <span class='ocrx_word' id='word_1_236' title='bbox 2042 3185 2172 3258; x_wconf 80' lang='grc' dir='ltr'><strong><em>αὐ-</em></strong></span> 
     </span>
    </p>
   </div>
   <div class='ocr_carea' id='block_1_3' title="bbox 6 3288 2223 3383">
    <p class='ocr_par' dir='ltr' id='par_1_3' title="bbox 6 3288 2223 3383">
     <span class='ocr_line' id='line_1_31' title="bbox 6 3288 2223 3383; baseline 0.003 -27"><span class='ocrx_word' id='word_1_237' title='bbox 6 3314 7 3317; x_wconf 70' lang='grc'>’</span> <span class='ocrx_word' id='word_1_238' title='bbox 110 3314 162 3355; x_wconf 78' lang='lat'><strong><em>30</em></strong></span> <span class='ocrx_word' id='word_1_239' title='bbox 198 3288 317 3359; x_wconf 79' lang='grc' dir='ltr'><strong><em>τὸν</em></strong></span> <span class='ocrx_word' id='word_1_240' title='bbox 344 3288 738 3379; x_wconf 80' lang='grc' dir='ltr'><strong><em>διεξιόντος,</em></strong></span> <span class='ocrx_word' id='word_1_241' title='bbox 786 3289 901 3374; x_wconf 82' lang='grc' dir='ltr'><strong><em>τάς</em></strong></span> <span class='ocrx_word' id='word_1_242' title='bbox 944 3319 1136 3380; x_wconf 83' lang='grc' dir='ltr'><strong><em>τιμας</em></strong></span> <span class='ocrx_word' id='word_1_243' title='bbox 1178 3299 1252 3361; x_wconf 83' lang='grc' dir='ltr'><strong><em>αἳ</em></strong></span> <span class='ocrx_word' id='word_1_244' title='bbox 1286 3288 1591 3381; x_wconf 83' lang='grc' dir='ltr'><strong><em>υπῆρχον</em></strong></span> <span class='ocrx_word' id='word_1_245' title='bbox 1619 3288 1809 3383; x_wconf 81' lang='grc' dir='ltr'><strong><em>αὐτῶ</em></strong></span> <span class='ocrx_word' id='word_1_246' title='bbox 1833 3292 2178 3381; x_wconf 85' lang='grc' dir='ltr'><strong><em>προφερό-</em></strong></span> <span class='ocrx_word' id='word_1_247' title='bbox 2220 3293 2223 3298; x_wconf 14' lang='lat' dir='ltr'><em>A</em></span> 
     </span>
    </p>
   </div>
   <div class='ocr_carea' id='block_1_4' title="bbox 191 3390 2273 3602">
    <p class='ocr_par' dir='ltr' id='par_1_4' title="bbox 191 3390 2273 3589">
     <span class='ocr_line' id='line_1_32' title="bbox 192 3390 2177 3487; baseline 0.001 -24"><span class='ocrx_word' id='word_1_248' title='bbox 192 3399 424 3482; x_wconf 82' lang='grc' dir='ltr'><strong><em>μενος,</em></strong></span> <span class='ocrx_word' id='word_1_249' title='bbox 484 3390 560 3475; x_wconf 76' lang='grc' dir='ltr'><strong><em>ἃς</em></strong></span> <span class='ocrx_word' id='word_1_250' title='bbox 608 3393 698 3484; x_wconf 80' lang='grc' dir='ltr'><strong><em>μὴ</em></strong></span> <span class='ocrx_word' id='word_1_251' title='bbox 751 3393 839 3465; x_wconf 91' lang='grc' dir='ltr'><strong><em>άν</em></strong></span> <span class='ocrx_word' id='word_1_252' title='bbox 878 3422 1039 3464; x_wconf 88' lang='grc' dir='ltr'><strong><em>ποτε</em></strong></span> <span class='ocrx_word' id='word_1_253' title='bbox 1080 3397 1401 3483; x_wconf 87' lang='grc' dir='ltr'><strong><em>γενέσθαι</em></strong></span> <span class='ocrx_word' id='word_1_254' title='bbox 1442 3394 1532 3483; x_wconf 82' lang='grc' dir='ltr'><strong><em>μὴ</em></strong></span> <span class='ocrx_word' id='word_1_255' title='bbox 1571 3392 1699 3465; x_wconf 79' lang='grc' dir='ltr'><strong><em>οὐκ</em></strong></span> <span class='ocrx_word' id='word_1_256' title='bbox 1739 3391 1975 3484; x_wconf 76' lang='grc' dir='ltr'><strong><em>ἀρετῆς</em></strong></span> <span class='ocrx_word' id='word_1_257' title='bbox 2013 3390 2177 3487; x_wconf 77' lang='grc' dir='ltr'><strong><em>ἀξίω</em></strong></span> 
     </span>
     <span class='ocr_line' id='line_1_33' title="bbox 191 3488 2273 3602; baseline -0 -36"><span class='ocrx_word' id='word_1_258' title='bbox 191 3498 368 3589; x_wconf 83' lang='grc' dir='ltr'><strong><em>περὶ</em></strong></span> <span class='ocrx_word' id='word_1_259' title='bbox 375 3493 583 3568; x_wconf 85' lang='grc' dir='ltr'><strong><em>αυτὸν</em></strong></span> <span class='ocrx_word' id='word_1_260' title='bbox 604 3498 942 3587; x_wconf 81' lang='grc' dir='ltr'><strong><em>γεγονότι·</em></strong></span> <span class='ocrx_word' id='word_1_261' title='bbox 977 3494 1138 3572; x_wconf 71' lang='lat' dir='ltr'><strong><em>“xoe}</em></strong></span> <span class='ocrx_word' id='word_1_262' title='bbox 1159 3495 1289 3587; x_wconf 78' lang='grc' dir='ltr'><strong><em>γάρ</em></strong></span> <span class='ocrx_word' id='word_1_263' title='bbox 1320 3494 1532 3602; x_wconf 80' lang='grc' dir='ltr'><strong><em>ὁπόσα</em></strong></span> <span class='ocrx_word' id='word_1_264' title='bbox 1550 3504 1867 3589; x_wconf 76' lang='grc' dir='ltr'><strong><em>προϊδεῖν</em></strong></span> <span class='ocrx_word' id='word_1_265' title='bbox 1894 3497 2175 3587; x_wconf 86' lang='grc' dir='ltr'><strong><em>δεήσειε,</em></strong></span> <span class='ocrx_word' id='word_1_266' title='bbox 2244 3488 2273 3514; x_wconf 64' lang='lat'>²</span> 
     </span>
    </p>
   </div>
  </div>
 </body>
</html>
