2500 3882
279 110 359 172 66
744 76 747 79 ’
959 106 1606 169 ΑΡΧΑῙοΛοΓῙΑΣ
1679 150 1694 157 -

281 283 523 373 ταύτης
558 279 807 373 ἠξίωκα
826 334 846 369 ,
902 278 1190 371 νομίζων
1239 277 1374 370 ἡδὺ
1412 283 1507 375 τῷ
1552 284 1698 375 θεῷ
1736 284 1854 369 τῆς
1896 273 2069 368 ὑπὲρ
2111 279 2282 366 ἐμοῦ

284 393 607 479 προνοίας
625 384 942 477 ἀνάθημα
968 389 1164 453 τοῦτο
1190 386 1303 454 καὶ
1330 386 1643 474 μέγιστον
1667 379 2057 471 ἀναθήσειν.
2108 388 2281 470 βου-

285 494 559 581 λόμενος
590 491 664 575 δὲ
689 492 817 560 καὶ
855 488 1115 567 τούτοις
1150 495 1540 578 χαρίζεσθαι
1578 488 1692 556 καὶ
1734 491 1896 556 πᾶσι
1942 500 2080 565 τοῖς
2112 481 2285 555 κατὰ

278 594 409 686 ’τὴν
437 597 842 683 οἰκουμένην
872 590 1252 678 Ἰουδαίοις,
1281 588 1401 661 τὸν
1427 588 1637 680 νόμον
1674 585 1870 679 ὑμῶν
1911 595 2131 677 ἔγνων
2157 614 2280 677 με-

224 732 233 741 ’
283 703 744 789 θερμηνεῦσαι
781 698 894 765 καὶ
921 693 1304 785 γράμμασιν
1327 689 1735 783 Ἑλληνικοῖς
1762 696 1836 762 ἐκ
1859 688 2280 783 τῶνἙβραῑ-
2322 718 2355 758 5

285 807 428 872 κῶν
454 801 962 891 μεταγραφέντα
986 809 1255 867 κεῖσθαι
1296 800 1373 867 ἐν
1398 803 1480 886 τῇ
1508 800 1632 887 ἐμῇ
1670 795 2100 886 βιβλιοθήκῃ.
2160 821 2284 863 κα-

288 909 419 985 λῶς
444 895 572 973 οὖν
598 901 895 991 ποιήσεις
936 901 1400 990 ἐπιλεξάμενος
1437 898 1689 993 ἄνδρας
1726 897 2025 988 ἀγαθοὺς
2053 901 2121 981 ἓξ
2151 894 2282 986 ’ἀφ’

290 1007 846 1095 ἑκάστης-φυλῆς,
873 1002 1004 1095 ἤδη
1041 1005 1572 1095 πρεσβυτέρους,
1603 1011 1672 1074 οἳ
1699 1007 1810 1074 καὶ
1840 1002 1954 1073 διὰ
1983 1000 2102 1073 τὸν
2127 999 2285 1092 χρό-

289 1139 413 1181 νον
454 1112 783 1199 ἐμπείρως
818 1114 1046 1196 ἔχουσι
1094 1112 1231 1177 τῶν
1274 1107 1503 1197 νόμων
1553 1110 1664 1177 καὶ
1710 1097 2114 1199 δυνήσονται
2164 1103 2291 1195 τὴν

291 1217 652 1305 ἑρμηνείαν
679 1209 904 1282 αὐτῶν
929 1209 1173 1301 ἀκριβῆ
1205 1210 1644 1300 ποιήσασθαι·
1699 1219 1943 1301 νομίζω
1971 1208 2101 1301 γὰρ
2128 1208 2287 1280 τού-
2332 1234 2393 1276 ιο

290 1342 429 1387 των
457 1318 1027 1387 ἐπιτελεσθέντων
1061 1321 1384 1404 μεγίστην
1423 1314 1625 1397 δόξαν
1660 1311 1824 1405 ἡμῖν
1854 1313 2289 1405 περιγενήσε-

294 1432 481 1492 σθαι.
561 1417 940 1490 ἀπέσταλκα
988 1420 1069 1487 δέ
1077 1430 1081 1437 ’
1110 1440 1215 1488 σοι
1268 1419 1424 1508 περὶ
1475 1417 1737 1489 τούτων
1784 1420 2295 1508 διαλεξομένους

285 1523 610 1613 Ἀνδρέαν
641 1520 763 1591 τὸν
803 1519 1495 1611 ἀρχισωματοφύλακα
1534 1524 1646 1591 καὶ
1683 1520 2091 1612 Ἀρισταῖον,
2147 1523 2295 1612 ἐμοὶ

248 1672 254 1683 ·
295 1625 766 1715 τιμιωτάτους·
827 1622 917 1694 δι’
963 1614 1061 1693 ὧν
1097 1625 1211 1693 καὶ
1249 1621 1549 1716 ἀπαρχὰς
1585 1622 2042 1715 ἀναθημάτων
2081 1631 2176 1706 εἰς
2220 1623 2298 1694 τὸ

298 1726 481 1820 ἱερὸν
512 1730 624 1797 καὶ
663 1732 928 1798 θυσιῶν
956 1728 1070 1796 καὶ
1096 1732 1236 1796 τῶν
1274 1724 1501 1797 ἄλλων
1542 1726 1957 1816 ἀπέσταλκα,
1998 1729 2296 1800 τάλαντα
2338 1756 2396 1795 15

298 1831 626 1922 ἀργυρίου
674 1831 928 1900 ἑκατόν.
994 1831 1107 1898 καὶ
1137 1828 1223 1900 σύ
1260 1827 1326 1898 δ’
1359 1826 1521 1920 ἡμῖν
1556 1834 1963 1902 ἐπιστέλλων
2003 1834 2160 1923 περὶ
2198 1824 2300 1903 ὧν

303 1930 388 2007 ἂν
414 1936 654 2024 ἐθέλῃς
680 1933 977 2024 ποιήσεις
1002 1930 1496 2026 κεχαρισμένα.”

234 2061 267 2113 5
453 2043 569 2129 τῆς
591 2028 718 2109 οὖν
752 2042 1100 2128 ἐπιστολῆς
1138 2043 1261 2109 τοῦ
1295 2040 1621 2126 βασιλέως
1658 2044 2096 2129 κομισθείσης
2133 2038 2302 2129 πρὸς

294 2142 714 2233 Ἐλεάζαρον,
761 2140 1160 2233 ἀντιγράφει
1212 2138 1380 2233 πρὸς
1425 2139 1638 2232 αὐτὴν
1682 2138 1772 2223 ὥς
1812 2146 1990 2233 ἐνῆν-
2013 2141 2302 2233 μάλιστα

184 2281 193 2291 ·
302 2252 685 2336 φιλοτίμως.
742 2240 778 2267 “
800 2242 1147 2336 ἀρχιερεὺς
1179 2242 1556 2336 Ἐλεάζαρος
1596 2254 1865 2334 βασιλεῖ
1901 2254 2303 2341 Πτολεμαίῳ
2338 2270 2402 2311 2ο

303 2356 584 2439 χαίρειν.
648 2350 1050 2438 ἐρρωμένων
1090 2353 1218 2417 σοῦ
1252 2374 1324 2417 τε
1355 2348 1468 2416 καὶ
1496 2355 1611 2437 τῆς
1651 2355 2042 2440 βασιλίσσης
2074 2347 2301 2440 Ἀρσι-

307 2452 467 2540 νόης
509 2450 622 2520 καὶ
663 2454 801 2518 των
838 2451 1098 2520 τέκνων
1136 2456 1355 2532 καλῶς
1391 2446 1555 2540 ἡμῖν
1587 2457 1724 2540 ἔχει
1760 2453 1999 2523 πάντα.
2075 2451 2199 2542 τὴν
2229 2450 2298 2522 δ’

307 2549 663 2642 ἐπιστολὴν
682 2551 996 2640 λαβόντες
1019 2553 1323 2641 μεγάλως
1347 2550 1657 2644 ἥσθημεν
1677 2557 1787 2625 ἐπὶ
1812 2560 1895 2648 τῇ
1919 2558 2310 2647 προαιρέσει
2353 2623 2370 2634 ,
2475 2587 2480 2596 ·

310 2679 470 2746 σου,
503 2657 615 2725 καὶ
640 2649 1212 2746 συναθροίσαντες
1240 2653 1316 2726 τὸ
1345 2662 1604 2747 πλῆθος
1636 2655 2029 2750 ἀνέγνωμεν
2066 2655 2306 2748 αὐτήν,
2481 2633 2486 2728 ᾗ

311 2766 784 2853 ἐμφανίζοντες
810 2756 1005 2853 αὐτῷ·
1031 2751 1117 2849 ἢν
1152 2766 1322 2848 ἔχεις
1363 2757 1528 2850 πρὸς
1562 2758 1682 2831 τὸν
1718 2760 1889 2833 θεὸν
1928 2759 2303 2851 εὐσέβειαν.
2344 2787 2408 2829 25

311 2867 744 2953 ἐπεδείξαμεν
770 2859 836 2931 δ’
867 2860 1053 2957 αὐτῷ
1075 2865 1187 2933 καὶ
1220 2860 1339 2946 τὰς
1366 2864 1609 2953 φιάλας
1626 2860 1705 2945 ἃς
1730 2871 2030 2957 ἔπεμψας
2053 2872 2313 2958 χρυσᾶς

316 2981 529 3040 εἴκοσι
563 2968 678 3037 καὶ
706 2962 1004 3058 ἀργυρᾶς
1037 2967 1394 3058 τριάκοντα
1432 2970 1914 3061 καὶ.κρατῆρας
1948 2972 2149 3041 πέντε
2192 2972 2314 3040 καὶ

317 3070 644 3163 τράπεζαν
677 3076 773 3150 εἰς
825 3066 1182 3158 ἀνάθεσιν,
1233 3068 1279 3140 ὂέ
1316 3097 1388 3140 τε
1434 3077 1529 3152 εἰς
1565 3080 1823 3143 θυσίαν
1864 3075 1977 3154 καὶ
2018 3078 2113 3154 εἰς
2158 3075 2329 3150 ἐπι-,

318 3174 570 3264 σκευὴν
613 3163 710 3244 ὧν
747 3166 834 3242 ἂν
865 3177 1091 3263 δέηται
1131 3170 1205 3245 τὸ
1240 3173 1425 3265 ἱερόν
1434 3226 1454 3261 ,
1489 3174 1782 3245 τάλαντα
1820 3174 2091 3263 ἑκατόν,
2134 3173 2313 3267 ἅπερ
2477 3201 2478 3292 ¹

318 3276 636 3364 ἐκόμισαν
652 3274 967 3365 Ἀνδρέας
991 3278 1103 3346 καὶ
1121 3273 1505 3368 Ἀρισταῖος·
1521 3277 1591 3349 οί
1608 3277 1995 3368 τιμιώτατοί
2021 3300 2146 3349 σου
2172 3285 2317 3367 τῶν
2356 3306 2414 3349 ³⁰

319 3384 577 3466 φίλων,
607 3375 849 3467 ἄνδρες
871 3376 1121 3468 ἀγαθοὶ
1148 3382 1264 3450 καὶ
1302 3386 1575 3474 παιδεία
1597 3384 2030 3473 διαφέροντες
2053 3385 2168 3452 καὶ
2193 3389 2316 3474 τῆς

322 3484 440 3576 σῆς
473 3476 709 3571 ἀρετῆς
749 3477 940 3563 ἄξιοι.
999 3493 1145 3554 ἴσθι
1189 3482 1261 3553 δ’
1305 3480 1478 3575 ἡμᾶς’
1514 3484 1591 3556 τό
1628 3507 1734 3560 σοι
1763 3489 2150 3579 συμφέρον,
2178 3481 2314 3559 κᾶν
