2500 3882
1769 65 1786 99 ί

703 110 708 115 ’
821 82 1628 192 ΠΕΝΤΕΚΑΙΔΕΚΑΤΗ
1925 120 1932 141 ’
2036 80 2054 95 N
2089 134 2217 196 349
2262 85 2275 231 ζ

230 297 509 389 ὀργυιὰς
549 308 972 391 περιλαβεῖν,
1007 294 1236 391 μῆκος
1277 262 1353 372 δὲ
1379 304 1613 372 ποδῶν
1641 300 1806 373 ἑπτὰ
1832 304 1945 373 καὶ
1974 313 2209 392 εἰκοσι,

230 410 470 494 διπλῆς
496 412 772 497 σπείρας
801 400 1313 494 ὑπειλημμένης.
1401 411 1663 493 πλῆθος
1690 406 1766 477 δὲ
1802 406 2213 496 συμπάντων

33 554 38 573 .
89 516 103 533 “
232 507 358 577 δύο
389 509 502 577 καὶ
531 507 843 595 ἑξήκοντα
869 509 986 576 καὶ
1017 507 1276 595 ἑκατόν,
1305 507 1763 597 κιονοκράνων
1789 506 2018 589 αὐτοῖς
2043 508 2213 585 κατὰ

234 608 357 679 τὸν
399 616 778 699 Κορίνθιον
803 606 1056 699 τρόπον
1095 611 1714 700 ἐπεξειργασμένων
1740 620 2065 701 γλυφαῖς,
2097 620 2211 683 ἔκ·
2291 686 2295 695 ,

172 743 201 782 5
235 715 476 801 πληξιν
506 712 930 801 ἐμποιούσαις
965 710 1080 782 διὰ
1106 711 1232 802 τὴν
1262 720 1383 782 τοῦ
1423 710 1672 794 παντὸς
1695 723 2213 803 μεγαλουργίαν.

235 815 577 946 τεσσάρων
603 815 680 885 δὲ
705 823 989 904 στοίχων
1021 812 1291 921 ὄντων,
1314 831 1493 903 τρεῖς
1519 812 2069 907 ἀπολαμβάνουσι
2095 817 2213 899 τὰς
2244 904 2255 911 .

235 914 350 988 διά
375 921 583 1007 μέσου
595 918 813 1008 χώρας
826 934 968 1000 ταῖς
994 912 1239 1000 στοαῖς.
1294 944 1431 988 των
1454 918 1530 988 δὲ
1558 920 1770 1007 αἰμὲν
1800 921 1923 990 δύο
1953 921 2210 1007 παράλ-

235 1029 425 1111 ληλοι
453 1020 571 1092 τὸν
591 1018 814 1103 ,αὐτὸν
840 1021 1157 1110 γεγόνασι
1188 1020 1442 1109 τρόπον
1459 1075 1478 1109 ,
1510 1047 1706 1112 ευρῡς
1734 1025 2049 1114 ἑκατέρας
2083 1025 2211 1094 πό·

233 1129 355 1206 δας
396 1120 782 1215 τριάκοντα,
827 1130 1036 1213 μῆκος
1064 1123 1141 1193 δὲ
1165 1124 1463 1211 στάδιον,
1492 1120 1667 1205 ὕψος
1695 1126 1771 1194 δὲ
1797 1125 2007 1207 πόδας
2034 1121 2207 1214 ὑπὲρ

149 1253 205 1293 ιο
231 1228 671 1315 πεντήκοντα·
727 1234 845 1315 τῆς
872 1229 948 1297 δὲ
966 1229 1169 1316 μέσης
1197 1218 1395 1316 εὖρος
1425 1226 1550 1324 μὲν
1576 1223 1905 1315 ἡμιόλιον,
1934 1224 2108 1310 ὕψος
2135 1230 2210 1299 δὲ

230 1330 618 1401 διπλάσιον·
658 1324 881 1417 ἀνεῖχε
907 1328 1037 1419 γὰρ
1065 1339 1378 1399 πλεῖστον
1405 1328 1585 1420 παρὰ
1619 1327 1735 1419 τάς
1762 1332 2207 1419 ἑκατέρωθεν.

143 1480 158 1489 ,
228 1438 306 1502 αἰ
321 1434 397 1502 δὲ
423 1429 670 1521 ὀροφαὶ
701 1432 1113 1521 βαθυξύλοις
1142 1433 1531 1522 ἐξήσκηνται
1559 1441 1871 1523 γλυφαῖς,
1885 1431 2207 1521 πολυτρο

169 1551 174 1557 ’
227 1562 400 1616 ποις
412 1535 763 1624 σχημάτων
791 1537 1019 1616 ἰδέαις.
1068 1538 1182 1605 καὶ
1208 1534 1283 1605 τὸ
1313 1542 1428 1625 τῆς
1452 1537 1656 1625 μέσης
1682 1536 1897 1624 βάθος
1923 1537 2032 1605 ἐπὶ
2058 1552 2205 1624 μεῖ·

229 1648 343 1724 ζον
378 1634 643 1727 ἤγερτο,
674 1641 1239 1729 περιτετμημένου
1267 1655 1405 1720 τοῖς
1423 1642 1831 1727 ἐπιστυλίοις
1857 1666 2206 1727 προμετω-

131 1764 186 1807 15
224 1746 464 1813 πιδίου
492 1749 752 1833 τοίχου,
806 1748 1039 1821 κίονας
1069 1748 1333 1829 ἔχοντος
1360 1744 1932 1833 ἐνδεδομημένους
1958 1744 2070 1812 καὶ
2097 1746 2207 1826 ξε-
2293 1814 2297 1823 ,

209 1852 391 1914 στου
425 1843 672 1926 παντὸς
705 1841 921 1931 ὄντος,
957 1872 1047 1926 ως
1076 1866 1321 1914 απιστα
1353 1860 1491 1926 τοῖς
1519 1841 1646 1914 οὐκ
1680 1851 1910 1916 ἰδοῦσι
1936 1847 2050 1915 καὶ
2076 1868 2207 1915 συν

224 1948 535 2037 ἐκπλήξει
562 1946 776 2019 θεατὰ
800 1963 936 2029 τοῖς
962 1948 1490 2037 ἐντυγχάνουσιν
1511 1947 1702 2017 εἶναι.
1757 1955 2059 2029 τοιοῦτος
2084 1951 2211 2039 μὲν

181 2047 265 2120 6
280 2075 543 2139 πρωτος
565 2058 921 2140 περίβολος
937 2041 1043 2139 ἦν,
1073 2055 1148 2120 ἐν
1166 2054 1350 2144 μέσω
1370 2050 1446 2120 δὲ
1473 2048 1738 2138 ἀπέχων
1751 2079 1834 2121 ου
1852 2049 2024 2122 πολὺ
2045 2052 2207 2126 δεύ-

217 2179 441 2241 τερος,
470 2151 847 2255 προσβατὸς
876 2161 1205 2243 βαθμῖσιν
1229 2151 1508 2241 ὀλίγαις,
1543 2149 1626 2222 ὃν
1661 2166 1951 2242 περιεῖχε
1981 2155 2208 2241 ἑρκίον

130 2283 190 2323 2⁰
222 2261 506 2327 λιθίνου
533 2241 951 2347 δρυφάκτου,
973 2263 1203 2347 γραφῇ
1224 2262 1493 2326 κωλῦον
1524 2257 1799 2326 εἰσιέναι
1826 2252 1945 2325 τὸν
1971 2246 2209 2327 ἀλλοε-
2290 2257 2301 2264 ’

218 2364 388 2448 θνῆ,
418 2366 791 2461 θανατικῆς
815 2355 1303 2448 ἀπειλουμένης
1329 2366 1445 2447 τῆς
1469 2366 1718 2448 ζημίας.
1775 2357 1908 2447 εἶχε
1935 2355 2003 2429 δ’
2019 2356 2053 2431 6
2083 2359 2208 2450 μὲν

219 2459 414 2543 ἐντὸς
456 2453 810 2553 περίβολος
845 2461 1015 2533 κατὰ
1057 2462 1183 2552 μὲν
1208 2460 1285 2533 τὸ
1314 2462 1542 2532 νότιον
1566 2462 1681 2534 καὶ
1707 2461 1980 2552 βόρειον
2005 2471 2206 2553 κλίμα

216 2590 628 2655 τριπτυχους
645 2572 981 2654 πυλωνας,
995 2563 1306 2655 ἀλλήλων
1322 2570 1695 2653 διεστωτας,
1711 2563 1880 2636 κατὰ
1907 2565 1984 2635 δὲ
2007 2563 2206 2690 ηλίου

219 2663 431 2755 βολὰς
456 2668 576 2736 ἕνα
601 2665 721 2738 τὸν
752 2670 987 2756 μέγαν,
1020 2665 1118 2737 δι’
1155 2658 1242 2738 οὗ.
1267 2667 1635 2758 παρῄειμεν
1663 2664 1861 2756 ἁγνοὶ
1885 2665 2051 2754 μετὰ
2076 2696 2204 2757 γυ-

52 2835 61 2846 .
127 2799 183 2842 25
218 2775 503 2840 ναικῶυ.
551 2764 859 2862 ἓσωτέρω
904 2770 978 2839 δὲ
1020 2766 1341 2841 κάκείνου
1381 2771 1691 2860 γυναιξὶν
1729 2766 1982 2858 ἀβατον
2007 2760 2097 2858 ἦν
2127 2769 2203 2839 τὸ

218 2872 428 2964 ἱερόν.
475 2875 742 2943 ἐκείνου
776 2867 844 2942 δ’
877 2874 1202 2964 ἐνδοτέρω
1229 2878 1480 2964 τρίτον,
1535 2899 1710 2943 οπου
1736 2886 1876 2951 τοῖς
1904 2876 2203 2961 ἱερεῦσιν

217 2983 560 3046 εἰσελθεῖν
588 2965 819 3058 ἐξὸν
772 3003 861 3064 ην
890 2975 1139 3064 μόνοις.
1184 2971 1221 3045 6
1247 2974 1411 3056 ναὸς
1436 2979 1513 3046 ἐν
1538 3002 1756 3044 τουτω
1782 2974 1897 3043 καὶ
1914 2971 2045 3062 πρὸ
2075 3000 2203 3041 αυ-

217 3085 343 3149 τοῦ
351 3077 595 3184 βωμᾷς
619 3069 726 3167 ἦν,
755 3074 860 3168 ἐφ’
888 3068 972 3148 οὗ
998 3076 1116 3160 τάς
1141 3086 1391 3159 θυσίας
1418 3074 2023 3170 ὅλοκαυτοῦμεντῷ
2037 3082 2200 3168 θεῷ.
2215 3083 2229 3144 ξ
2251 3167 2261 3176 1

220 3175 483 3252 τούτων
508 3175 604 3263 εἰς
646 3179 896 3252 οὐδένα
919 3187 1056 3251 τῶν
1084 3209 1292 3288 τριων
1337 3177 1372 3249 6
1404 3177 1719 3269 βασιλεὺς
1735 3175 2035 3302 Ἡρώδης
2070 3205 2201 3248 πα-

125 3302 189 3343 ³⁰
217 3287 484 3370 ρῆλθεν
513 3284 914 3370 (ἐκεκώλυτο
941 3281 1069 3375 γὰρ
1098 3281 1226 3354 οὐκ
1267 3310 1365 3352 ων
1395 3281 1675 3371 ἱερεύς),
1717 3278 1884 3350 ἀλλὰ
1911 3277 2038 3350 κάν
2066 3296 2202 3363 τοῖς
2240 3304 2250 3336 ⁸

222 3389 446 3474 ἔργοις
497 3384 582 3456 τὰ
630 3388 785 3479 περὶ
846 3385 963 3470 τὰς
1011 3385 1207 3466 στοάς
1246 3386 1360 3454 καὶ
1412 3381 1567 3465 τούς
1624 3388 1746 3467 ἔξω
1799 3383 2201 3473 περιβόλους

221 3488 782 3581 ἐπραγματεύετο,
810 3491 925 3561 καὶ
955 3495 1165 3560 ταῦτα
1192 3481 1623 3583 ᾠκοδόμησεν
1649 3493 1865 3557 ἔτεσιν
1902 3484 2094 3557 ὀκτώ.
