2500 3882
827 151 1586 245 EHTAKAIAEKATH·
2105 152 2183 215 93

192 329 361 407 τίοις
386 324 499 395 καὶ
528 322 1020 414 παρεσχηκόσιν
1046 329 1289 412 αἰτίαν,
1316 316 1715 415 συγκλείσας
1741 320 1987 408 αὐτοῦς
2014 324 2186 395 πάν-

193 457 310 508 τας
338 431 414 498 ἐν
444 434 536 519 τῷ
567 426 992 520 ἱπποδρόμω,
1022 427 1146 516 τήν
1170 455 1243 497 τε
1271 424 1577 517 ἀδελφὴν
1605 424 1815 499 αὑτοῦ
1843 428 2183 518 Σαλώμην

193 533 311 603 καὶ
335 529 455 600 τὸν
483 527 699 620 ἄνδρα
726 526 930 618 αὐτῆς
950 526 1220 612 Ἀλεξᾶν
1245 533 1691 620 μεταπέμψας,
1726 529 2176 622 τεθνήξεσθαι

144 633 322 724 μὲν
353 630 436 703 οῦ
466 632 695 724 πόρρω
725 639 975 720 ἔλεγεν,
1016 634 1125 703 ἐπὶ
1150 632 1432 703 τοσόνδε
1460 642 1596 703 τῶν
1624 631 2017 723 ἀλγηδόνων
2051 631 2179 704 αῦ-

137 764 165 804 5
198 735 319 807 τὸν
345 758 834 825 περιεχουσων,
878 737 992 805 καὶ
1031 735 1186 805 τόδε
1223 736 1350 823 μὲν
1374 736 1601 806 οἰστόν
1635 765 1708 806 τε
1734 739 1846 807 καὶ
1874 745 2034 808 πᾶσι
2062 745 2182 827 φί-
2271 822 2275 826 ὁ

198 848 322 910 λον
348 839 925 929 παρατυγχάνειν,
965 835 1040 907 τὸ
1088 839 1187 909 δὲ
1204 833 1616 930 ὀλοφυρμῶν
1661 867 1734 909 τε
1763 865 2043 926 απειρον
2067 842 2184 910 καὶ

199 943 500 1023 πένθους
524 936 746 1020 Ιἐνδεὸι
776 938 1015 1011 ὁποῖον
1053 943 1190 1012 ἐπι
1202 950 1471 1031 βασιλεῖ
1492 942 1851 1032 πράσσοιτο
1890 970 2009 1031 αν,
2052 943 2183 1030 μά-
2251 987 2270 1000 =

198 1055 389 1116 λιστα
432 1042 615 1137 αὐτῷ
656 1041 964 1133 λυπηρὸν
1000 1043 1202 1129 εἶναι.
1289 1041 1372 1114 οὗ
1412 1043 1540 1136 γὰρ
1584 1042 1713 1115 ἀπὸ
1759 1052 2018 1116 σκοποῦ
2060 1044 2184 1135 τὴν

188 1145 535 1219 Ἰουδαίων
560 1147 902 1234 διάνοιαν,
940 1143 1029 1229 ὥς
1057 1145 1362 1230 εῦκταῖος
1390 1145 1617 1239 αὐτοῖς
1644 1149 1757 1218 καὶ
1780 1148 1960 1219 πάνυ
1986 1176 2185 1238 κεχα-

116 1286 165 1326 no
199 1253 510 1343 ρι’σμένος
536 1247 571 1320 6
600 1250 894 1332 θάνατος
921 1247 1155 1339 αυτοῦ,
1193 1248 1309 1321 διὰ
1335 1248 1409 1321 τὸ
1450 1252 1564 1320 καὶ
1594 1258 1836 1334 ζωντος
1865 1253 1974 1320 ἐπὶ
2013 1248 2185 1321 ἀπο-

196 1354 423 1425 στάσει
455 1358 846 1441 ἐπείγεσθαι
872 1355 985 1422 και
1013 1350 1210 1444 ῦβρει
1229 1381 1367 1423 των
1394 1349 1515 1423 ὑπ’
1542 1352 1755 1424 αὐτοῦ
1782 1339 2218 1480 προτιθεμέ-”

194 1486 359 1528 νων.
417 1463 618 1546 ἔργον
648 1447 712 1525 δ’
754 1484 882 1546 αρα
922 1460 1202 1526 ἐκείνων
1243 1455 1417 1526 εἶναι
1456 1457 1779 1546 κούφισίν
1813 1484 1964 1525 τινα
1999 1454 2183 1551 αὐτῷ

194 1566 630 1650 ψηφίσασθαι
673 1564 794 1628 τοῦ
833 1561 942 1629 ἐπὶ
978 1565 1273 1630 τοιοισδε
1302 1556 1652 1648 ἀλγεινοῦ.
1735 1557 1817 1628 τὰ
1856 1557 2031 1630 αὐτα
2053 1558 2181 1650 γὰρ

196 1662 281 1753 δὴ
320 1665 657 1754 φρονῆσαι
699 1659 860 1753 δόξῃ
898 1669 980 1753 τῇ
1025 1660 1236 1732 αὐτοῦ
1278 1661 1370 1751 μὴ
1414 1660 1921 1751 ἀπειπαμένων,
1969 1665 2182 1752 μέγαν
2238 1707 2241 1710 ι

12 1773 13 1776 ’
110 1794 161 1836 ιε
195 1764 410 1837 αὖτοῦ
438 1766 558 1837 τὸν
584 1765 940 1855 ἐπιτάφιον
968 1766 1407 1854 γενήσεσθαι,
1448 1766 1561 1835 καὶ
1596 1762 1827 1845 ὁποῖος
1869 1763 2023 1835 οὐδ’
2058 1762 2181 1835 άλ-
2204 1761 2220 1786 ’

194 1878 333 1953 λοις
363 1863 725 1959 βασιλέων,
769 1870 883 1939 καὶ
922 1872 1175 1951 πένθος
1205 1866 1318 1939 διὰ
1353 1876 1476 1937 τοῦ
1504 1876 1753 1951 ἔθνους
1787 1865 2076 1952 ἅπαντος
2106 1872 2181 1938 ἐκ

192 1981 411 2062 ψυχῆς
463 1971 997 2062 ὀλοφυραμένων
1047 1974 1157 2042 ἐπὶ
1210 1977 1453 2098 παιδιά
1503 1972 1617 2042 καὶ
1665 1974 1905 2060 γε’λωτι
1944 1969 2177 2042 αὐτοῦ.

195 2073 366 2147 ἐπάν
409 2066 536 2145 οὖν
579 2074 961 2145 θεάσωνται
1005 2073 1124 2165 τὴν
1165 2073 1392 2163 ψυχὴν
1417 2071 1675 2163 ἀφέντα
1706 2071 1947 2162 αὐτόν,
1987 2101 2202 2165 περι-,

194 2176 561 2267 στήσαντας
589 2206 682 2272 τω
708 2178 1103 2272 ίπποδρόμω
1131 2177 1205 2248 τὸ
1247 2173 1727 2264 στρατιωτικὸν
1761 2173 2057 2265 ἀγνοοῦν
2084 2184 2182 2247 ἔτι

103 2312 163 2353 2⁰
196 2279 316 2352 Ιἑὸν
341 2280 646 2352 θάνατον
671 2276 885 2352 αὐτοῦ
912 2279 1029 2369 (μὴ
1063 2280 1191 2373 γὰρ
1219 2280 1551 2372 πρότερον
1584 2286 1677 2361 εἰς
1708 2278 1865 2362 τοὺς
1891 2278 2180 2360 πολλοὺς

191 2389 564 2475 ἐξενεγκεῖν
591 2380 635 2474 ἢ
663 2385 823 2470 τάδε
848 2388 1121 2475 πρᾶξαι)
1164 2383 1473 2454 κελεύειν
1509 2379 1855 2453 ἀκοντίσαι
1882 2381 2040 2465 τοῦς
2066 2387 2179 2473 ἐγ-

189 2489 760 2578 καθειργμένους,
796 2491 911 2558 καὶ
937 2488 1189 2570 πάντας
1214 2493 1460 2582 τοῦτον
1487 2482 1848 2569 ἀνελόντας
1874 2483 1993 2556 τὸν
2020 2483 2179 2577 τρό-

191 2617 323 2661 πον
350 2590 629 2678 διχόθεν
669 2589 881 2662 αὐτὸν
908 2588 1032 2679 οὐχ
1059 2586 1561 2680 ἁμαρτήσεσθαι
1587 2596 1710 2660 τοῦ
1747 2585 2179 2691 εὐφρανοῦν-

10 2246 13 2317 ἒ

192 2722 322 2782 τος,
352 2692 645 2782 κυρώσει
670 2721 741 2763 τε
783 2720 883 2763 ων
909 2697 1343 2764 ἐπιστείλειεν
1380 2689 1610 2774 αὐτοῖς
1642 2693 1906 2781 μέλλων
1942 2701 2178 2761 τελευ-

99 2821 160 2864 25
192 2803 357 2885 τᾶν,
397 2798 512 2866 καὶ
549 2824 642 2890 τω
674 2798 943 2865 πένθει
964 2792 1287 2889 ἀξιολόγω
1327 2802 1743 2886 τετιμῆσθαι.
1823 2790 2000 2864 καὶ
1977 2822 2013 2864 ο
2055 2794 2180 2883 μὲν

187 2899 355 2990 μετὰ
410 2894 745 2991 δακρύων
784 2898 1269 2987 ποτνιώμενος,
1323 2900 1439 2968 καὶ
1480 2906 1602 2968 τοῦ
1646 2904 2020 2988 συγγενοῦς
2054 2895 2180 2986 τὴν

191 3000 469 3073 εῦνοιαν
505 3004 620 3073 καὶ
658 3008 887 3074 πίστιν
926 3008 1049 3072 τοῦ
1087 3008 1288 3072 θείου
1327 3006 1725 3090 προσκαλων
1743 3053 1762 3089 ,
1809 3002 2179 3088 ἐπέσκηπτε

189 3133 279 3194 μη
306 3102 686 3196 ητιμῶσθαι
713 3102 955 3193 ἀξιων,
998 3101 1300 3175 κάκεῖνοι
1328 3100 1720 3199 ὡμολόγουν
1757 3100 1840 3173 οῦ
1865 3102 2178 3194 παραβή-

184 3206 465 3277 σεσθαι·
519 3208 956 3298 κατανοήσειε
994 3204 1059 3277 δ’
1108 3205 1211 3278 άν
1237 3235 1338 3288 τις
1384 3205 1518 3295 τὴν·
1547 3206 1859 3276 διάνοιαν
1897 3213 2022 3275 τοῦ
2050 3202 2174 3276 ἀν·-
2216 3223 2253 3279 6

10 3308 13 3383 Ε
99 3332 156 3374 ³⁰
189 3309 497 3403 θρώπου,
527 3308 707 3382 aar*
666 3339 797 3406 οτφ
822 3309 904 3381 τά
930 3310 1220 3402 πρότερα
1247 3306 1563 3401 ηρεσκεν,
1608 3304 1698 3388 ως
1735 3304 1869 3377 ὑπὸ
1897 3315 2020 3378 τοῦ
2050 3337 2169 3398 φι-

186 3421 462 3498 λοζωεῖν
488 3413 755 3503 πράξειε
785 3413 867 3485 τὰ
894 3421 988 3497 εἰς
1014 3413 1172 3496 τοὺς
1201 3426 1556 3538 συγγενεῖς
1588 3412 2056 3514 πεπραγμένα,
2102 3414 2176 3479 ἐκ

183 3523 363 3610 γοῦν
390 3521 526 3585 τῶν
553 3543 703 3605 αρτι
726 3518 1020 3588 ἐντολων
1060 3513 1267 3587 οὐδὲν
1305 3508 1741 3606 ἀνθρώπειον
1784 3513 2178 3601 εἰσφερομέ-
