2500 3882
212 84 216 89 ’
261 137 342 198 54
912 133 1560 208 ΑΡΧΑΙΟᾼΟΡΙΑΣ

261 310 385 399 μὲν
421 312 556 395 ἔχοι
583 311 991 406 Μανασσῆν,
1026 311 1147 377 τοῦ
1172 310 1312 376 τῶν
1327 302 1672 378 Ἰουδαίων
1702 302 2057 396 ἀρχιερέως
2079 301 2250 375 Ἰαδ-

262 415 388 483 δοῦ
415 408 734 499 ἀδελφόν,
750 407 1038 490 πολλοῦς
1063 409 1140 479 δὲ
1165 395 1279 477 καὶ
1309 404 1553 489 αλλους
1578 405 1760 502 αὐτῷ
1785 408 2258 535 συμπαρόντας

261 519 398 585 τῶν
425 509 778 610 ὁμοεθνῶν
805 516 1041 583 θέλειν
1079 508 1263 601 ἱερὸν
1308 513 1383 581 ἐν
1417 527 1556 592 τοῖς
1588 508 1717 581 ὑπ’
1750 514 1983 607 ἐκείνῳ
2025 510 2260 592 τόποις

263 615 394 707 ἤδη
420 616 941 686 κατασκευάσαι·
983 619 1180 684 τοῦτο
1213 611 1489 684 δἐἶναι
1518 616 1650 683 καὶ·
1664 620 1758 708 ‘cm‘
1787 623 2054 705 βασιλεῖ
2080 635 2256 704 συμ-

174 709 189 716 “
265 722 509 810 φέρον,
553 726 647 799 εἰς
684 717 807 788 δύο
847 722 1214 845 διῃρῆσθαι
1253 714 1378 807 τὴν
1403 721 1551 787 τῶν
1567 684 1913 789 Ἰουδαίων
1925 718 2313 808 δύναμιν,ι

261 828 376 893 ἵνα
404 820 494 912 μὴ
516 817 1039 910 ὁμογνωμονοῦν
1073 819 1147 892 τὸ
1175 825 1377 901 ἔθνος
1401 820 1572 910 μηδὲ
1601 821 1920 902 συνεστός
1934 873 1953 909 ,
1997 827 2061 891 εί
2080 848 2261 893 νεω-

260 926 553 1015 τερίσειέ
596 949 795 1010 ποτε,
844 922 1138 1012 χαλεπὸν
1179 914 1225 1013 ᾖ
1264 939 1404 1004 τοῖς
1443 929 1827 1012 βασιλεῦσι,
1867 922 2109 1006 καθως
2141 925 2264 993 καὶ

261 1026 591 1118 πρότερον
608 1039 757 1108 τοῖς
760 1022 1134 1118 Ἀσσυρίων
1159 1024 1437 1116 αρξασιν
1463 1028 1748 1120 ἐγένετο.
1776 1027 2258 1118 συγχωρήσαν-

259 1157 372 1212 τος
424 1130 507 1200 δὲ
546 1126 1020 1220 Ἀλεξάνδρου,
1074 1150 1301 1199 πασαν
1354 1128 1898 1218 εἰσενεγκάμενος
1945 1126 2265 1220 σπουδὴν

259 1230 691 1329 ωκοδόμησεν
707 1229 1270 1321 ὁΣαναβαλλέτης
1294 1230 1414 1302 τὸν
1439 1230 1607 1303 ναὸν
1623 1233 1736 1303 καὶ
1752 1235 1933 1323 ἱερέα
1959 1232 2079 1305 τὸν
2090 1242 2257 1303 Μα-
2301 1261 2349 1302 ιο

236 1341 517 1426 ,νασσῆν
541 1340 899 1425 κατέστησε
913 1387 933 1422 ,
974 1338 1288 1425 μέγιστον
1322 1338 1521 1462 γέρας
1553 1331 1968 1426 ἡγησάμενος
2004 1351 2142 1418 τοῖς
2180 1339 2263 1406 ἐκ

257 1445 373 1530 τῆς
414 1438 755 1530 θυγατρὸς
794 1442 1264 1528 γενησομένοις
1301 1436 1485 1509 τοῦτ’
1530 1444 1827 1509 ἔσεσθαι.
1904 1443 2138 1534 μηνῶν
2178 1439 2264 1509 δὲ

262 1541 426 1613 ἑπτα
451 1539 533 1632 τῇ
565 1542 787 1633 Τύρον
813 1548 1167 1634 πολιορκία
1193 1540 1697 1630 διεληλυθότων
1721 1544 1836 1612 καὶ
1863 1541 1988 1613 δύο
2011 1546 2097 1632 τῇ
2116 1541 2259 1612 Γά-

259 1652 401 1733 ζης,
444 1639 480 1713 5
513 1644 639 1733 μὲν
670 1646 1186 1734 Σαναβαλλέτης
1208 1640 1675 1733 άπέθανεν,’
1644 1674 1679 1715 ο
1723 1645 1800 1716 δὲ
1829 1642 2266 1734 Ἀλέξανδρος

261 1744 506 1831 ἐξελων
549 1745 675 1837 τὴν
705 1746 928 1830 Γάζαν
968 1748 1111 1816 ἐπὶ
1124 1744 1250 1837 τὴν
1293 1774 1431 1817 των
1458 1742 2004 1838 Ἰεροσολυμιτων
2054 1745 2262 1819 πόλιν
2301 1777 2349 1822 15

259 1847 655 1937 ἀναβαίνειν
693 1849 1114 1921 ἐσπουδάκει.
1188 1845 1225 1919 5
1254 1846 1390 1919 δὲ’
1355 1849 1702 1940 αρχιερεῦς
1730 1848 2026 1931 Ἰαδδοῦς
2057 1856 2264 1922 τοῦτο

256 1950 548 2033 ἀκούσας
590 1945 677 2044 ἦν
722 1957 799 2024 ἐν
841 1950 1100 2048 ἀγωνίᾳ
1141 1955 1255 2023 καὶ
1301 1955 1472 2039 δέει,
1529 1981 1669 2036 πως
1705 1951 2072 2051 άπαντήσει
2117 1970 2265 2037 τοῖς

257 2056 657 2127 Μακεδόσιν
708 2053 1102 2147 ἀμηχανοῦν,
1154 2053 1583 2148 ὀργιζομένου
1623 2063 1743 2127 τοῦ
1783 2059 2107 2146 βασιλέως
2143 2059 2265 2128 ἐπὶ

256 2166 338 2253 τῇ
387 2159 713 2251 πρότερον
766 2158 1103 2252 ἀπειθείᾳ.
1182 2166 1635 2250 παραγγείλας
1686 2151 1812 2230 οὖν
1858 2164 2108 2239 ἱκεσίας
2158 2166 2263 2255 τῷ

200 2290 209 2303 ·
256 2268 420 2356 λαῷ,
448 2266 558 2333 καὶ
585 2269 844 2333 θυσίαν
872 2259 1014 2351 μετ’
1047 2260 1260 2332 αὐτοῦ
1286 2267 1380 2356 τῷ
1405 2268 1549 2356 θεῷ
1576 2258 2000 2359 προσφέρων,
2038 2265 2276 2335 ἐδεῖτο·
2296 2286 2351 2327 2⁰

255 2360 706 2455 ὑπερασπίσαι
744 2371 867 2435 τοῦ
904 2370 1151 2445 ἔθνους
1178 2367 1293 2434 καὶ
1332 2390 1470 2435 των
1511 2367 1974 2456 ἐπερχομένων
2013 2365 2258 2437 κινδύ-

257 2494 400 2537 νων
439 2462 828 2550 ἀπαλλάξαι.
905 2469 1467 2592 κατακοιμηθέντι
1509 2468 1585 2538 δὲ
1624 2495 1789 2558 μετα
1825 2467 1951 2558 τὴν
1999 2475 2262 2565 θυσίαν

258 2568 694 2660 ἐχρημάτισεν
751 2566 931 2663 αὗτω
971 2597 1140 2639 κατα
1190 2566 1347 2650 τοῦς
1388 2566 1650 2653 ὕπνους
1689 2566 1726 2642 5
1765 2570 1928 2652 θεὸς
1963 2557 2263 2669 θαρρεῖν

258 2668 370 2742 καὶ
413 2678 912 2761 στεφανοῦντας
947 2670 1071 2762 τὴν
1114 2672 1313 2743 πόλιν
1354 2668 1656 2761 ἀνοίγειν
1693 2672 1808 2755 τὰς
1846 2673 2061 2755 πύλας
2076 2725 2095 2759 ,
2140 2677 2262 2745 καὶ

194 2794 205 2803 ’
253 2774 411 2857 τοῦς
438 2777 565 2865 μὲν
590 2773 836 2869 αλλους
862 2785 1129 2856 λευκαῖς
1156 2774 1549 2865 ἐσθήσεσιν,
1588 2773 1797 2848 αὐτὸν
1822 2774 1895 2863 δὲ
1921 2805 2088 2867 μετα
2112 2805 2259 2848 των
2297 2805 2356 2848 25

256 2882 495 2970 ἱερέων
517 2895 662 2961 ταῖς
689 2886 993 2968 νομίμοις
1020 2888 1286 2959 στολαῖς
1321 2891 1665 2951 ποιεῖσθαι
1700 2877 1825 2969 τὴν
1853 2875 2261 2969 ὑπάντησιν,
2373 2928 2382 2937 ·

257 2981 470 3071 μηδὲν
507 2987 1020 3074 προσδοκῶντας
1075 2990 1427 3052 πείσεσθαι
1481 2981 1710 3054 δεινὸν
1751 2984 2263 3073 προνοουμένου

256 3090 377 3154 τοῦ
402 3091 594 3154 θεοῦ.
627 3083 985 3211 διαναστας
1012 3084 1088 3154 δὲ
1116 3088 1190 3155 ἐκ
1215 3089 1338 3154 τοῦ
1364 3080 1587 3156 ῦπνου
1608 3089 1833 3175 ἔχαιρέ
1852 3113 1924 3156 τε
1950 3085 2263 3176 μεγάλως

257 3182 489 3312 αὐτός,
515 3188 628 3255 καὶ
656 3186 731 3257 τὸ
756 3188 1213 3277 χρηματισθὲν
1236 3184 1420 3257 αῦτω
1448 3192 1607 3259 πᾶσι
1633 3187 1935 3279 μηνύσας
1960 3189 2073 3258 καὶ
2099 3215 2257 3259 ποι-

256 3288 422 3378 ήσας
450 3284 574 3356 ὅσα
598 3288 765 3359 κατὰ
792 3319 946 3371 τους
976 3287 1230 3372 ῦπνους
1263 3287 1443 3386 αὐτῷ
1474 3295 1912 3389 παρηγγέλθη
1927 3343 1946 3378 ,
1976 3289 2102 3381 τὴν
2125 3298 2258 3363 τοῦ
2299 3318 2366 3362 εο

256 3392 582 3480 βασιλέως
609 3400 982 3479 παρουσίαν
1021 3395 1371 3483 ἐξεδέχετο.

183 3496 216 3546 5
328 3502 333 3507 ’
405 3491 789 3587 πυθόμενος
827 3494 903 3591 δὲ
946 3493 1153 3566 αὐτὸν
1197 3494 1281 3567 οὗ
1328 3494 1554 3586 πόρρω
1599 3500 1716 3585 τῆς
1770 3495 2023 3591 πόλεως
2064 3492 2258 3584 ὄντα,
