2500 3882
211 513 251 568 8

278 108 370 171 ’30
623 155 627 160 -
935 106 1589 169 ΑΡΧΑΙΟΛΟΓΙΑΣ

289 279 620 371 ἐλθούσης
650 286 745 361 εἰς
762 281 1078 372 Χἐκείνους
1101 279 1260 370 τοὺς
1296 280 1543 364 τόπους
1569 253 1768 351 αὐτοί
1785 308 1859 350 τε
1885 282 1997 350 καὶ
2023 276 2066 372 ἦ
2105 279 2298 372 χώρα

289 391 407 475 τῆς
442 389 887 476 προσηγορίας
913 380 1119 472 αὐτῆς
1152 386 1541 473 μετέλαβον.

441 485 849 568 ἀκούσαντες
889 485 965 557 δὲ
995 483 1121 575 τὴν
1158 492 1295 563 τῶν
1331 492 1571 575 τειχῶν
1602 483 1965 575 οἰκοδομὴν
1992 479 2294 557 σπένδο-·

287 594 500 682 μένην
543 588 932 680 Ἀμμανῖται
982 591 1095 659 καὶ
1134 597 1498 679 Μωαβῖται
1548 591 1661 658 καὶ
1706 598 2122 679 Σαμαρεῖται
2174 592 2295 659 καὶ

287 722 532 775 παντες
567 698 637 763 οἱ
666 695 742 762 ἐν
763 698 850 783 τῇ
873 699 1086 782 Κοίλῃ
1121 699 1346 786 Συρία
1384 691 1740 782 νεμόμενοι
1780 699 2082 780 χαλεποῖς
2124 699 2287 783 ἔφε-
2330 724 2365 762 5
2479 727 2480 782 χ

287 827 442 889 ρον,
485 798 597 867 καὶ
630 800 975 867 διετέλουν
1010 794 1370 884 ἐπιβουλας
1398 792 1624 878 αὐτοῖς
1652 798 2118 884 συντιθέντες,
2164 794 2295 886 τὴν

288 907 683 992 προαίρεσιν
722 895 949 968 αὐτων
991 902 1492 987 ἐμποδίζοντες,
1540 897 1829 979 πολλούς
1863 925 1936 967 τε
1960 905 2098 969 τῶν
2120 896 2290 969 'Iov-

289 1010 502 1075 δαίων
529 1000 950 1088 ἀπέκτειναν,
978 1004 1090 1071 καὶ
1116 999 1346 1072 αὐτὸν
1354 1002 1628 1091 ἐζήτουν
1651 997 1771 1070 τὸν
1803 1009 2109 1108 Νεεμίαν
2138 1008 2291 1072 δια-

272 1118 602 1197 ·φθεῖραι,
638 1103 1085 1194 μισθούμενοί
1115 1131 1302 1185 τινας
1332 1111 1470 1175 τῶν
1508 1101 1971 1192 αλλοφύλων”
1939 1134 2051 1175 ινα
2080 1102 2295 1175 αὐτὸν
2479 1177 2480 1180 ,

289 1207 642 1280 ανέλωσιν.
701 1214 796 1289 εἰς
822 1207 1039 1296 φόβον
1065 1206 1140 1277 δὲ
1166 1209 1292 1277 καὶ
1304 1205 1600 1297 ταραχὴν
1629 1203 1874 1288 αὐτοὺς
1900 1210 2291 1297 ἐνέβαλλον,
2340 1240 2397 1280 ιο
2479 1285 2480 1290 1

291 1315 402 1383 καὶ
435 1312 657 1402 φήμας
685 1307 910 1391 αὐτοῖς
946 1313 1328 1381 διέστελλον
1364 1306 1452 1390 ὡς
1493 1314 1764 1381 πολλῶν
1789 1311 2295 1401 ἐπιστρατεύειν

219 1505 224 1515 ³
292 1414 519 1496 αὐτοῖς
551 1412 935 1505 μελλόντων
972 1414 1228 1485 ἐθνῶν·
1283 1409 1408 1502 ὑφ’
1445 1403 1542 1484 ὧν
1560 1411 1565 1416 ’
1584 1413 2139 1504 ἐκταρασσόμενοι
2177 1444 2292 1503 μι-

234 1563 243 1573 ·
292 1523 479 1613 κροῦ
491 1523 606 1607 τῆς
634 1522 1017 1606 οἰκοδομίας
1044 1514 1443 1604 ἀπέστησαν.
1503 1514 1622 1587 τὸν
1653 1515 1729 1586 δὲ
1753 1523 2059 1605 Νεεμίαν
2087 1515 2296 1587 οὐδὲν

253 1647 259 1656 ’
293 1620 553 1692 τούτων
582 1622 885 1708 ἐξέστησε
922 1624 1041 1708 τῆς
1082 1624 1380 1708 σπουδῆς
1405 1624 1522 1709 τῆς
1562 1620 1718 1708 περὶ
1745 1616 1819 1686 τὸ
1848 1625 2081 1711 ἔργον,
2122 1617 2298 1693 ἀλλὰ

297 1721 529 1813 στῖφός
566 1751 630 1794 τι
674 1725 1045 1812 φνλακῆς”“’
1007 1749 1206 1793 ενεκα
1226 1727 1366 1791 τοῦ
1393 1721 1696 1810 σώματος
1729 1718 2296 1812 περιβαλλόμενος
2344 1755 2402 1797 ιε

255 1829 263 1846 ’
298 1825 596 1916 ἀτρύτως
619 1820 1003 1948 ὑπέμενεν]
1056 1820 1191 1895 ὑπὸ
1229 1829 1346 1914 τῆς
1386 1827 1539 1918 περὶ
1580 1823 1655 1895 τὸ
1696 1829 1895 1915 ἔργον
1928 1829 2299 1916 ἐπιθυμίας

298 1929 729 2019 ἆναισθητων
765 1930 878 1998 καὶ
911 1932 1028 2017 τῆς
1060 1934 1532 2055 ταλαιπωρίας.
1583 1955 1759 1999 ουτω
1785 1957 1859 1999 τε
1887 1932 2294 2019 συντεταμέ-

298 2063 433 2116 νως
474 2034 587 2102 καὶ
624 2059 1079 2124 προνοητικως
1117 2028 1328 2102 αὑτοῦ
1366 2035 1483 2120 τῆς
1516 2037 1846 2135 σωτηρίας
1888 2032 2099 2121 εἶχεν,
2144 2029 2304 2122 οὐχὶ

301 2136 743 2228 φοβούμενος
760 2133 880 2206 τὸν
925 2134 1229 2206 θανατον
1242 2187 1262 2222 ,
1304 2131 1472 2205 ἄλλα
1517 2124 2029 2224 πεπεισμένος”
1991 2163 2091 2207 οτι
2130 2134 2304 2226 μετα

297 2239 423 2330 τὴν
446 2238 656 2310 αὐτου
679 2237 999 2328 τελευτὴν
1026 2235 1248 2308 οὐκέτ’
1281 2234 1492 2307 αυτοῦ
1516 2254 1653 2319 τοῖς
1679 2244 1979 2319 πολίταις
2003 2235 2297 2329 ἆναστή-
2347 2260 2411 2301 2⁰

302 2365 487 2412 σεται
518 2369 601 2411 τα
641 2348 856 2442 τείχη·
912 2343 1235 2411 ἐκέλευσε
1268 2340 1343 2409 δὲ
1377 2342 1537 2430 ἑξης
1577 2369 1734 2421 τους
1782 2346 2306 2431 οἰκοδομοῦντας

301 2441 474 2516 οπλα
517 2438 1136 2534 περιζωννυμένους
1177 2442 1590 2568 ἐργαζεσθαι.
1658 2445 1771 2513 καὶ
1807 2440 1843 2513 ὁ
1874 2445 2002 2533 μὲν
2031 2445 2300 2516 οἰκοδό-

301 2575 421 2637 μος
468 2570 800 2637 μαχαιραν
842 2544 978 2634 εἶχε
1013 2541 1200 2615 καὶ
1170 2574 1206 2616 ο
1243 2543 1367 2634 τὴν
1402 2542 1579 2634 υλην
1617 2554 2119 2637 παρακομίζων,
2158 2559 2299 2617 θυ-

297 2647 499 2749 ρεοῦς
539 2647 604 2721 δ’
648 2655 917 2737 ἔγγιστα
966 2645 1195 2718 αὐτων
1245 2651 1556 2719 ἐκέλευσε
1605 2661 1909 2737 κεῖσθαι,
1970 2642 2083 2720 καὶ
2132 2660 2303 2721 σαλ-

301 2781 582 2843 πιγκτας
624 2750 761 2823 ἀπὸ
801 2758 1261 2823 πεντακοσίων
1308 2758 1541 2841 ἔστησε
1590 2757 1855 2840 ποδῶν,
1902 2752 2299 2849 προστάξας,
2348 2771 2413 2812 2⁵

301 2889 387 2930 αν
413 2861 832 2947 ἐπιφανωσιν
857 2861 926 2925 οἱ
949 2858 1289 2944 πολέμιοι,
1327 2860 1523 2926 τοῦτο
1551 2860 1839 2946 σημῆναι
1868 2861 1963 2950 τῷ
1992 2862 2221 2951 λαῷ,“
2186 2885 2311 2927 ινα

304 2957 713 3050 ὡπλισμένοι
742 2958 1080 3050 μάχωνται
1115 2956 1345 3048 καὶμὴ
1388 2974 1668 3048 γυμνοῖς
1708 2956 1934 3040 αὐτοῖς
1966 2956 2307 3030 ἕπιπέσω-
2363 3002 2374 3009 »

303 3083 435 3133 σιν.
535 3060 735 3145 ἀὐτὸς
786 3062 861 3132 δὲ
913 3061 1181 3153 νύκτωρ
1245 3061 1636 3153 περιήρχετο
1699 3066 1816 3151 τῆς
1871 3061 2127 3142 πόλεως
2179 3060 2313 3134 τὸν

301 3168 587 3251 κύκλον,
627 3163 834 3236 οὐδὲν
865 3164 1142 3254 κάμνων
1167 3161 1324 3235 οὔτε
1348 3180 1487 3245 τοῖς
1522 3172 1738 3254 ἔργοις
1764 3162 1921 3235 οὔτε
1952 3170 2038 3255 τῇ
2076 3171 2314 3256 διαίτῃ

301 3268 415 3337 καὶ
441 3281 579 3346 τοῖς
615 3264 877 3351 ὕπνοις·
919 3266 1150 3340 οὐδενὶ
1191 3264 1320 3358 γὰρ
1349 3267 1609 3338 τούτων
1648 3265 1814 3360 πρὸς
1846 3264 2101 3359 ἡδονὴν
2127 3263 2312 3339 ἀλλὰ
2358 3291 2426 3334 3ο

302 3367 467 3459 πρὸς
492 3365 794 3456 ἆνᾶγκην
828 3373 1082 3462 ἐχρῆτο.
1146 3370 1262 3440 καὶ
1286 3369 1540 3460 ταύτην
1572 3367 1888 3461 ὑπέμεινε
1913 3369 2037 3461 τὴν
2062 3379 2304 3441 ταλαι-

301 3477 566 3562 πωρίαν
603 3467 711 3539 ἐπ’
752 3475 866 3560 ἔτη
912 3475 1035 3546 δύο
1075 3477 1188 3547 καὶ
1226 3470 1437 3565 μῆνας
1471 3478 1823 3567 τέσσαρας·
1877 3477 1951 3546 ἐν
1997 3473 2309 3571 τοσούτῳ
