2500 3882
996 145 1481 204 ΔΩΔΕΚΑΤΗ
1883 236 1888 243 .
2148 146 2228 207 79

235 316 609 397 σιλεύοντος
631 320 750 405 τῆς
769 313 991 397 Ἀσίας
1020 315 1255 405 ἔτυχεν
1281 314 1528 399 αὐτούς
1552 344 1624 387 τε
1652 308 1866 388 πολλὰ
1889 327 2225 389 ταλαιπω-

239 428 429 514 ρῆσαι
455 426 574 511 τῆς
598 424 722 510 γῆς
759 417 986 490 αὐτῶν
1011 424 1432 511 κακουμένης
1467 422 1580 491 καὶ
1618 420 1777 503 τούς
1813 418 1937 513 τὴν
1970 430 2231 512 Κοίλην

239 532 500 616 Συρίαν
544 525 971 614 νεμομένους.
1028 530 1476 614 πολεμοῦντος
1514 523 1644 615 γὰρ
1670 523 1882 595 αὐτοῦ
1922 523 2086 615 πρὸς
2110 525 2230 596 τὸν

240 627 653 718 φιλοπάτορα
694 630 1257 715 Πτολεμαϊονκαὶ
1296 627 1461 719 πρὸς
1488 627 1608 700 τὸν
1631 628 1786 700 υίόν
1810 624 2020 699 αὐτοῦ
2047 639 2224 699 Πτο-
2269 678 2272 681 -
2329 682 2337 693 .
2447 674 2448 681 1

187 755 212 797 5
242 742 509 821 λεμαῖον
547 730 668 801 τὸν
710 733 1158 819 ἐπικληθέντα
1203 734 1499 823 ἐπιφανῆ
1512 785 1531 820 ,
1570 744 1990 804 κακοπαθεῖν
2027 735 2227 803 συνέ-

237 842 476 925 βαινεν
509 831 740 914 αὐτοῖς
778 836 892 903 καὶ
931 839 1254 916 νικῶντος
1296 838 1410 905 καὶ
1456 843 1808 919 πταίοντος
1847 832 2052 906 ταύτὰ
2098 836 2236 905 πά·-

246 960 455 1027 σχειν,
484 934 644 1007 ωστ’
676 934 880 1008 οὐδὲν
906 935 1271 1009 ἀπέλειπον
1288 942 1755 1030 χειμαζομένης
1779 967 1950 1022 νεως
1955 930 2080 1009 καὶ
2109 967 2228 1010 πο-

243 1046 585 1132 νουμένης
611 1043 1033 1168 ἑκατέρωθεν
1082 1037 1215 1111 ὑπὸ
1254 1048 1373 1111 τοῦ
1412 1043 1791 1132 κλύδωνος,
1831 1040 2078 1134 μεταξύ
2116 1048 2245 1132 τῆς

243 1144 611 1237 εὐπραγίας
660 1148 777 1233 τῆς
823 1132 1163 1232 Ἀντιόχου
1215 1148 1330 1215 καὶ
1379 1151 1496 1235 τῆς
1543 1150 1652 1217 ἐπὶ
1689 1147 1984 1237 θάτερον
2021 1145 2232 1217 αὐτοῦ

50 1242 53 1319 Ι
154 1278 214 1317 ,ιο
243 1254 491 1341 τροπῆς
528 1253 668 1318 τῶν
703 1247 1113 1338 πραγμάτων
1158 1256 1477 1336 κείμενοι.
1548 1248 1825 1339 νικήσας
1860 1253 2115 1340 μέντοι
2113 1249 2233 1319 τὸν

237 1356 661 1441 Πτολεμαῖον
699 1347 735 1420 5
767 1349 1096 1440 Ἀντίοχος
1121 1349 1249 1439 τὴν
1269 1349 1603 1430 Ἰουδαίαν
1641 1352 2066 1442 προσάγεται.
2123 1380 2231 1422 τε-

237 1456 683 1546 λευτήσαντος
710 1454 786 1524 δὲ
826 1461 947 1524 τοῦ
974 1453 1421 1546 φιλοπάτορος
1448 1451 1484 1526 5
1522 1471 1677 1537 παῖς
1703 1453 1914 1527 αὐτοῦ
1937 1455 2237 1546 μεγάλην

245 1563 565 1648 ἐξέπεμψε
605 1555 902 1647 δύναμιν
944 1560 1055 1628 καὶ
1104 1558 1477 1648 στρατηγὸν
1512 1559 1795 1630 Σκόπαν
1823 1562 1931 1631 ἐπὶ
1969 1557 2128 1640 τούς
2162 1562 2238 1630 ἐν

240 1669 322 1753 τῇ
346 1670 564 1752 Κοίλῃ
600 1669 860 1754 Συρίᾳ,
888 1657 961 1743 ὃς
997 1661 1246 1743 πολλάς
1272 1686 1343 1733 τε
1383 1661 1609 1733 αὐτῶν
1647 1664 1872 1745 πόλεις
1898 1671 2097 1753 ἔλαβε
2123 1665 2236 1733 καὶ

169 1804 214 1845 15
237 1764 312 1838 τὸ
334 1762 666 1857 ἡμέτερον
683 1771 885 1844 ἔθνος
901 1786 916 1800 ·
962 1766 1466 1856 πολεμούμενον
1490 1765 1618 1858 γὰρ
1641 1765 1823 1861 αὐτῷ
1841 1772 2234 1859 προσέθετο.

238 1869 383 1961 μετ’
431 1867 514 1939 οὐ
549 1867 720 1938 πολὺ
763 1868 836 1937 δὲ
874 1866 993 1939 τὸν
1017 1868 1301 1940 Σκόπαν
1330 1868 1662 1959 Ἀντίοχος
1687 1876 1845 1965 νικᾷ
1871 1869 2238 1962 συμβαλών

238 1974 420 2071 αὐτῷ
450 1971 616 2064 πρὸς
648 1990 793 2053 ταῖς
823 1990 1064 2061 πηγαῖς
1090 1979 1211 2043 τοῦ
1241 1972 1618 2065 Ἰορδάνου,
1658 1977 1771 2044 καὶ
1818 1975 2074 2066 πολλὴν
2113 1973 2237 2045 αὐ-

237 2084 359 2150 τοῦ
385 2083 505 2166 τῆς
534 2082 848 2166 στρατιᾶς
876 2080 1290 2167 διέφθειρεν.
1333 2075 1618 2164 ὕστερον
1648 2075 1710 2147 δ’
1737 2075 2079 2166 Ἀντιόχου
2099 2105 2235 2165 χει-

240 2183 644 2272 ρωσαμένου
668 2178 785 2261 τὰς
815 2183 890 2249 ἐν
915 2186 995 2271 τῇ
1019 2187 1237 2269 Κοίλῃ
1265 2187 1490 2272 Συρία
1520 2177 1767 2280 πόλεις,
1798 2175 1877 2260 ἃς
1901 2176 1937 2250 5
1964 2176 2242 2288 Σκόπας

161 2320 213 2359 2⁰
244 2284 676 2374 κατεσχήκει,
706 2285 819 2353 καὶ
846 2282 970 2373 τὴν
992 2281 1421 2374 Σαμάρειαν,
1460 2277 1779 2363 ἑκουσίως
1807 2279 1992 2378 αὐτῷ
2031 2306 2238 2375 προσ-

244 2393 485 2460 έθεντο
503 2383 853 2473 Ἰουδαῖοι,
881 2388 992 2456 καὶ
1018 2392 1101 2476 τῇ
1130 2386 1321 2457 πόλει
1350 2386 1697 2477 δεξάμενοι
1724 2386 1901 2477 πάσῃ
1923 2384 2134 2457 αὐτοῦ
2161 2392 2244 2477 τῇ

241 2496 522 2583 στρατιᾷ
548 2493 663 2560 καὶ
689 2507 827 2571 τοῖς
855 2493 1174 2579 ἐλέφασιν
1192 2487 1539 2579 αφθονίαν
1566 2493 1921 2581 παρέσχον,
1946 2493 2060 2561 καὶ
2086 2487 2243 2571 τούς

242 2591 379 2665 υπὸ
407 2595 649 2665 Σκόπα
677 2597 1253 2682 καταλειφθέντας
1280 2596 1355 2664 ἐν
1386 2599 1468 2684 τῇ
1505 2592 1679 2686 ἄκρα
1703 2600 1862 2665 τῶν
1872 2590 2239 2687 Ἱεροσολύ-

251 2726 401 2787 μων
439 2696 779 2788 φρουροὺς
818 2701 1289 2822 πολιορκοῦντι
1335 2694 1705 2787 προθύμως
1754 2698 2242 2788 συνεμάχησαν.

50 2801 53 2860 ἷ
160 2830 217 2873 25
248 2796 288 2871 5
320 2791 445 2872 οὖν
477 2797 811 2889 Ἀντίοχος
844 2806 1108 2871 δίκαιον
1133 2795 1550 2897 ηγησάμενος
1577 2798 1701 2890 τὴν
1725 2805 1864 2869 τῶν
1897 2798 2248 2868 Ἰουδαίων

242 2903 416 2995 πρὸς
443 2900 652 2974 αυτὸν
668 2902 976 2994 σπουδὴν
993 2904 1107 2973 καὶ
1132 2910 1519 2994 φιλοτιμίαν
1538 2900 1978 2990 ἀμείψασθαι,
2000 2901 2247 2996 γράφει

235 3024 383 3090 τοῖς
402 3035 478 3077 τε
504 3022 900 3097 στρατηγοῖς
918 3001 1127 3077 αὑτοῦ
1149 3010 1264 3077 καὶ
1288 3022 1428 3088 τοῖς
1448 3014 1701 3094 φίλοις,
1730 3030 2095 3095 μαρτυρων
2107 3020 2256 3086 τοῖς

231 3109 590 3191 Ἰουδαίοις
615 3105 789 3198 ὑπὲρ
832 3100 929 3179 ὧν
967 3101 1044 3181 εὖ
1084 3108 1247 3200 πρὸς
1276 3107 1502 3180 αὐτῶν
1537 3108 1785 3194 πάθοι,
1828 3109 1942 3176 καὶ
1968 3106 2081 3188 τὰς
2108 3114 2241 3181 δω-

242 3213 403 3304 ρεὰς
432 3210 515 3295 ἃς
541 3209 716 3303 ὑπὲρ
741 3211 1002 3283 τούτων
1029 3215 1286 3301 διέγνω-
1312 3228 1679 3302 παρασχεῖν
1705 3208 1931 3291 αὐτοῖς
1958 3216 2241 3303 ἐμφανί-

160 3340 212 3381 ao
243 3324 401 3401 ζων
486 3314 962 3442 παραθήσομαι
1003 3315 1075 3385 δὲ
1118 3344 1235 3397 τας
1273 3313 1622 3396 ἐπιστολὰς
1655 3342 1773 3396 τας
1798 3331 1935 3397 τοῖς
1961 3338 2243 3407 στρατη-

242 3436 393 3507 γοῑς
430 3420 588 3511 περὶ
624 3416 852 3491 αὐτῶν
887 3426 1290 3511 γραφείσας,
1332 3416 1762 3544 προδιελθων
1800 3447 1889 3499 ως
1921 3430 2249 3509 μαρτυρει

241 3523 515 3605 τούτοις
552 3518 763 3613 ἡμων
776 3538 915 3605 τοῖς
954 3522 1176 3634 λόγοις
1213 3521 1554 3610 Πολύβιος
1592 3517 1629 3593 5
1635 3525 2244 3613 Μεγαλοπολίτης·
