2500 3882
132 110 144 192 j
232 101 318 161 2·
404 159 407 160 f
576 179 577 182 w
636 71 687 137 ’-
911 98 1557 161 ΑΡΧΑΙοΛοΓΙΑΣ

235 282 621 366 ἔμπροσθεν
658 268 701 362 ἢ
728 271 1231 399 κατασκαφῆναι
1260 268 1378 340 τὸν
1401 266 1569 340 ναὸν
1600 273 1877 340 ἔτεσιν’”
1844 269 2079 342 εκατὸν
2107 274 2222 341 καὶ

233 375 762 503 τεσσαράκοντα.
827 372 1017 443 ταῦτ’
1076 365 1201 444 οὖν
1253 370 1629 461 ἀναγνόντα
1682 371 1799 442 τὸν
1841 380 2073 465 Κῦρον
2107 378 2226 444 καὶ

235 479 679 571 θαυμάσαντα
695 476 770 549 τὸ
788 489 985 548 θεῖον
1002 472 1175 567 ὁρμή
1189 503 1289 557 τις
1312 483 1511 565 ἔλαβε
1531 477 1644 545 καὶ
1666 485 2005 567 φιλοτιμία
2027 483 2220 568 ποιῆ-

237 605 347 653 σαι
387 611 467 652 τα
512 584 965 673 γεγραμμένα*
1029 583 1310 661 καλέσας
1352 606 1425 648 τε
1459 577 1616 678 τούς
1645 580 2225 668 ἐπιφανεστάτους
2325 595 2332 605 ’

235 691 375 757 τῶν
407 689 482 755 ἐν
508 691 865 774 Βαβυλῶνι
897 681 1243 753 Ἰουδαίων
1271 698 1646 782 συγχωρεῖν
1675 679 1903 765 αὐτοῖς
1930 690 2059 773 ἔφη
2100 691 2222 772 βα·
2257 678 2296 752 ε’

162 782 170 793 ’
239 797 446 874 δίζειν
475 795 570 868 είς
608 786 731 876 τὴν
768 784 994 857 αὐτῶν
1025 792 1352 877 πατρίδα,
1395 788 1508 856 καὶ
1544 782 1909 877 ἀναστῆσαι
1939 784 2062 876 τὴν
2103 785 2225 856 πό-

240 904 350 963 λιν
377 888 798 987 Ἰεροσόλυμα
848 892 960 962 καὶ
998 879 1116 960 τὸν
1151 895 1271 958 τοῦ
1314 895 1487 959 θεοῦ
1524 887 1721 961 ναόν·
1785 896 2057 959 ἔσεσθαι
2101 888 2235 978 γὰρ

241 993 466 1074 αὐτοῖς
490 996 602 1066 καὶ
629 999 868 1064 τοῦτον
894 992 1261 1083 σύμμαχον,
1294 989 1500 1073 αὐτός
1510 1019 1581 1062 τε
1608 992 1894 1083 γράψειν
1921 1008 2058 1073 υἴς
2086 1020 2225 1080 γει-

239 1096 635 1169 τονεύουσιν
655 1100 876 1185 ἐκείνῃ
896 1101 978 1186 τῇ
998 1096 1181 1189 χώρα
1206 1100 1349 1166 τῶν
1370 1092 1626 1166 ίδιων
1589 1095 1941 1185 ηγεμόνων
1969 1097 2081 1196 καὶ
2109 1118 2227 1165 σα-

245 1205 554 1291 τραπῶν,
597 1204 710 1269 ἵνα
749 1201 1220 1289 συμβάλωνται
1259 1197 1510 1289 χρυσὸν
1542 1195 1767 1279 αὐτοῖς
1792 1197 1972 1269 καὶ”
1929 1202 2230 1290 αργυρον
2269 1232 2321 1271 ιο

243 1311 337 1386 εἰς
355 1302 479 1393 τὴν
498 1308 888 1393 οἰκοδομίαν
907 1308 1027 1374 τοῦ
1053 1306 1242 1389 ναοῦ,
1274 1303 1387 1371 καὶ
1414 1299 1576 1393 πρὸς
1600 1302 1858 1383 τούτοις
1882 1305 2234 1393 θρέμματα

241 1405 406 1500 πρὸς
431 1403 546 1486 τὰς
571 1411 837 1486 θυσίας.

174 1529 209 1584 3
398 1513 605 1579 ταῦτα
676 1509 912 1599 Κύρου
975 1513 1533 1593 καταγγείλαντος
1593 1522 1727 1588 τοις
1782 1505 2234 1599 Ἰσραηλίταις,
2275 1553 2279 1561 ·

245 1609 641 1702 ἐξωρμησαν
667 1616 734 1681 οἰ
765 1638 907 1682 των
945 1610 1066 1679 δύο
1107 1613 1347 1698 φυλῶν
1384 1606 1698 1700 ἄρχοντες
1738 1615 1854 1699 τῆς
1876 1608 2094 1694 Ἰούδα
2121 1613 2234 1682 καὶ

244 1721 362 1804 τῆς
386 1719 878 1804 Βενιαμίτιδος,
918 1716 989 1783 οἵ
1009 1739 1082 1781 τε
1124 1720 1404 1782 Λευῖται
1429 1715 1543 1781 καὶ
1572 1719 1785 1803 ιερεῖς
1802 1719 1897 1794 εἰς
1917 1713 2002 1785 τοὶ
2030 1710 2224 1805 Ἱερο
2272 1738 2325 1776 15

246 1817 525 1907 σόλυμα.
575 1818 806 1887 πολλοὶ
832 1816 907 1886 δὲ
936 1815 1334 1905 κατέμειναν
1360 1818 1434 1884 ἐν
1453 1821 1536 1905 τῇ
1562 1822 1941 1906 Βαβυλῶνι,
1968 1844 2050 1886 τα
2077 1816 2231 1905 κτή-

206 1914 420 2012 Δ’ματα
446 1929 838 1991 καταλιπεῖν
865 1915 946 1989 οὐ
976 1921 1313 2001 θέλοντες.
1374 1919 1487 2000 καὶ
1527 1923 2135 2012 παραγινομένοις
2109 1917 2230 1989 αὖ

254 2039 393 2106 τοις
421 2029 486 2096 οἱ
522 2028 641 2094 τοῦ
673 2026 998 2149 βασιλέως
1041 2031 1226 2110 φίλοι
1263 2022 1504 2103 πάντες
1537 2024 1879 2115 ἐβοήθουν
1916 2026 2027 2093 καὶ
2068 2043 2233 2093 συν-

257 2131 605 2219 εισέφερον
648 2133 742 2208 είς
775 2124 899 2214 τὴν
927 2130 1050 2194 τοῦ
1075 2131 1245 2196 ναοῦ
1277 2124 1694 2214 κατασκευὴν
1733 2133 1801 2196 οἳ
1837 2127 1961 2215 μὲν
1975 2125 2333 2293 xpv66v²⁰

249 2237 318 2300 οἳ
349 2227 480 2299 δὲ’
451 2228 750 2319 άργυρον
789 2234 856 2297 οἳ
896 2227 972 2296 δὲ
1007 2227 1446 2315 βοσκημάτων
1486 2233 1746 2317 πλῆθος
1794 2226 1926 2299 σὺν
1975 2233 2231 2309 ιπποις·

248 2334 363 2402 καὶ
388 2330 505 2412 τάς
530 2358 602 2399 τε
631 2327 824 2418 εὐχὰς
854 2326 1266 2398 ἀπεδίδοσαν
1292 2333 1386 2423 τῷ
1398 2335 1565 2423 θεῷ
1605 2332 1717 2400 καὶ
1745 2358 1860 2412 τας
1893 2253 2333 2421 νομιζομέ-5ῗο

250 2462 372 2515 νας
398 2432 565 2502 κατὰ
591 2430 667 2503 τὸ
695 2430 979 2502 παλαιὸν
1010 2439 1258 2512 θυσίας
1298 2434 1688 2520 ἐπετέλουν,
1716 2430 1940 2524 ωσπερ
1966 2432 2236 2504 ἀνακτι-

254 2538 527 2627 ζομένης
567 2533 793 2616 αὐτοις
817 2540 932 2623 τῆς
969 2533 1224 2614 πόλεως
1248 2536 1361 2603 κάὶ
1395 2532 1800 2625 ἀναβιούσης
1825 2543 1940 2627 τῆς
1970 2534 2242 2627 ἀρχαίας

256 2643 411 2731 περὶ
450 2636 577 2728 τὴν
615 2645 988 2729 θρησκείαν
1036 2643 1425 2726 συνηθείας.
1506 2635 1854 2729 ἀπέπεμψε
1902 2641 1979 2710 δὲ
2018 2636 2244 2720 αὐτοῖς

255 2750 484 2834 Κῦρος
506 2744 621 2814 ,καὶ
647 2739 729 2812 τὰ
756 2740 962 2830 σκεύη
997 2745 1116 2810 τοῦ
1143 2745 1347 2827 θεοῦ,
1375 2737 1420 2810 ἃ
1446 2740 1736 2831 συλήσας
1770 2739 1890 2812 τὸν
1917 2740 2086 2813 ναὸν
2114 2752 2238 2831 βα·
2274 2761 2331 2801 2⁵

259 2845 483 2929 σιλεῦς
526 2842 1201 2935 Ναβουχοδονόσορος
1247 2850 1344 2925 εἰς
1383 2843 1507 2933 τὴν
1539 2850 1915 2934 Βαβυλῶνα
1955 2845 2241 2935 ἐκόμισε.

263 2953 607 3038 παρέδωκε
649 2949 724 3019 δὲ
765 2953 974 3018 ταῦτα
1002 2948 1238 3038 φέρειν
1278 2948 1677 3039 Μιθριδάτῃ
1710 2954 1804 3043 τῷ
1831 2947 2244 3037 γαζοφύλακι

264 3045 504 3134 αὐτοῦ,
549 3051 915 3143 προστάξας
957 3055 1194 3120 δοῦναι
1232 3046 1403 3124 αὐτὰ
1436 3048 1857 3145 Ἀβασσάρω,
1897 3077 2079 3132 οπως
2109 3079 2242 3140 φυ-

267 3150 468 3238 λάττῃ
506 3155 692 3243 μέχρι
737 3158 854 3243 τῆς
889 3158 1272 3242 οἰκοδομίας
1306 3158 1426 3224 τοῦ
1463 3160 1668 3242 ναοῦ,
1704 3155 2135 3234 τελεσθέντος
2169 3153 2245 3223 δὲ

268 3248 477 3321 αὐτοῦ
513 3261 791 3346 παραδῷ
811 3271 962 3349 τοῖς
1002 3260 1253 3345 ἱερεῦσι
1296 3259 1409 3327 καὶ
1446 3250 1723 3349 άρχουσι
1759 3263 1881 3328 τοῦ
1916 3256 2245 3347 πλήθους,
2282 3285 2340 3326 3ο

270 3359 366 3432 εἰς
391 3350 507 3422 τὸν
530 3349 697 3421 ναὸν
734 3353 1310 3459 ἀποδοθησόμενα.
1368 3362 1613 3451 πέμπει
1654 3362 1730 3432 δὲ
1754 3363 1867 3431 καὶ
1895 3358 2251 3475 ἐπιστολὴν

270 3450 435 3544 πρὸς
464 3479 619 3533 τους
645 3455 721 3522 ἐν
752 3463 973 3555 Συρίᾳ
997 3462 1335 3554 σατράπας
1359 3469 1585 3557 Κῦρος
1609 3464 1767 3537 τάδε
1793 3446 2146 3553 λέγόυσαν.
