<?xml version="1.0" encoding="UTF-8"?>
<!DOCTYPE html PUBLIC "-//W3C//DTD XHTML 1.0 Transitional//EN"
    "http://www.w3.org/TR/xhtml1/DTD/xhtml1-transitional.dtd">
<html xmlns="http://www.w3.org/1999/xhtml" xml:lang="en" lang="en">
 <head>
  <title>
</title>
<meta http-equiv="Content-Type" content="text/html;charset=utf-8" />
  <meta name='ocr-system' content='tesseract 3.04.00' />
  <meta name='ocr-capabilities' content='ocr_page ocr_carea ocr_par ocr_line ocrx_word'/>
</head>
<body>
  <div class='ocr_page' id='page_1' title='image "./flaviiiosephiop00josegoog_0018.png"; bbox 0 0 2500 3882; ppageno 0'>
   <div class='ocr_carea' id='block_1_1' title="bbox 222 53 1562 166">
    <p class='ocr_par' dir='ltr' id='par_1_1' title="bbox 222 53 1562 166">
     <span class='ocr_line' id='line_1_1' title="bbox 222 53 1562 166; baseline -0.001 -3"><span class='ocrx_word' id='word_1_1' title='bbox 222 99 261 163; x_wconf 84' lang='lat'><em>8.</em></span> <span class='ocrx_word' id='word_1_2' title='bbox 739 120 748 134; x_wconf 75' lang='lat'>=</span> <span class='ocrx_word' id='word_1_3' title='bbox 896 53 1562 166; x_wconf 60' lang='grc' dir='ltr'><em>ΑΡΧᾸιοἉοΓΙΑΣ</em></span> 
     </span>
    </p>
   </div>
   <div class='ocr_carea' id='block_1_2' title="bbox 90 269 2431 3556">
    <p class='ocr_par' dir='ltr' id='par_1_2' title="bbox 90 269 2431 3556">
     <span class='ocr_line' id='line_1_2' title="bbox 155 269 2219 365; baseline 0.001 -25"><span class='ocrx_word' id='word_1_4' title='bbox 155 287 190 340; x_wconf 84' lang='lat'>4</span> <span class='ocrx_word' id='word_1_5' title='bbox 369 270 456 354; x_wconf 72' lang='grc' dir='ltr'><em>ὥς</em></span> <span class='ocrx_word' id='word_1_6' title='bbox 483 271 556 344; x_wconf 82' lang='grc' dir='ltr'><em>δ’.</em></span> <span class='ocrx_word' id='word_1_7' title='bbox 590 269 626 344; x_wconf 88' lang='lat'>6</span> <span class='ocrx_word' id='word_1_8' title='bbox 662 271 922 365; x_wconf 59' lang='grc' dir='ltr'><em>πρῶτος</em></span> <span class='ocrx_word' id='word_1_9' title='bbox 952 270 1470 362; x_wconf 71' lang='grc' dir='ltr'><em>ἀποφηνάμενος</em></span> <span class='ocrx_word' id='word_1_10' title='bbox 1506 276 1660 365; x_wconf 87' lang='grc' dir='ltr'><em>περὶ</em></span> <span class='ocrx_word' id='word_1_11' title='bbox 1696 279 1809 364; x_wconf 77' lang='grc' dir='ltr'><em>τῆς</em></span> <span class='ocrx_word' id='word_1_12' title='bbox 1846 277 2070 362; x_wconf 88' lang='grc' dir='ltr'><em>ἰσχύος</em></span> <span class='ocrx_word' id='word_1_13' title='bbox 2096 278 2219 343; x_wconf 76' lang='grc' dir='ltr'><em>τοῦ</em></span> 
     </span>
     <span class='ocr_line' id='line_1_3' title="bbox 90 373 2215 470; baseline 0 -23"><span class='ocrx_word' id='word_1_14' title='bbox 90 373 99 380; x_wconf 52' lang='grc'><em>”</em></span> <span class='ocrx_word' id='word_1_15' title='bbox 224 387 417 447; x_wconf 77' lang='grc' dir='ltr'><em>οἴνου</em></span> <span class='ocrx_word' id='word_1_16' title='bbox 452 375 532 446; x_wconf 79' lang='grc' dir='ltr'><em>τά</em></span> <span class='ocrx_word' id='word_1_17' title='bbox 572 379 1018 470; x_wconf 79' lang='grc' dir='ltr'><em>προειρημένα</em></span> <span class='ocrx_word' id='word_1_18' title='bbox 1061 375 1428 463; x_wconf 79' lang='grc' dir='ltr'><em>ἐπαύσατο,</em></span> <span class='ocrx_word' id='word_1_19' title='bbox 1466 373 1502 447; x_wconf 86' lang='lat'>6</span> <span class='ocrx_word' id='word_1_20' title='bbox 1540 374 1685 467; x_wconf 86' lang='grc' dir='ltr'><em>μετ’·</em></span> <span class='ocrx_word' id='word_1_21' title='bbox 1725 375 1934 448; x_wconf 81' lang='grc' dir='ltr'><em>αὐτὸν</em></span> <span class='ocrx_word' id='word_1_22' title='bbox 1971 376 2215 469; x_wconf 81' lang='grc' dir='ltr'><em>ἤρξατο</em></span> 
     </span>
     <span class='ocr_line' id='line_1_4' title="bbox 223 479 2213 606; baseline 0 -56"><span class='ocrx_word' id='word_1_23' title='bbox 223 483 446 568; x_wconf 81' lang='grc' dir='ltr'><em>λέγειν</em></span> <span class='ocrx_word' id='word_1_24' title='bbox 485 482 641 606; x_wconf 80' lang='grc' dir='ltr'><em>περὶ</em></span> <span class='ocrx_word' id='word_1_25' title='bbox 681 485 798 570; x_wconf 77' lang='grc' dir='ltr'><em>τῆς</em></span> <span class='ocrx_word' id='word_1_26' title='bbox 822 485 943 549; x_wconf 79' lang='grc' dir='ltr'><em>τοῦ</em></span> <span class='ocrx_word' id='word_1_27' title='bbox 977 482 1304 568; x_wconf 86' lang='grc' dir='ltr'><em>βασιλέως</em></span> <span class='ocrx_word' id='word_1_28' title='bbox 1346 479 1734 570; x_wconf 88' lang='grc' dir='ltr'><em>δυνάμεως,</em></span> <span class='ocrx_word' id='word_1_29' title='bbox 1767 480 2017 571; x_wconf 81' lang='grc' dir='ltr'><em>ταύτην</em></span> <span class='ocrx_word' id='word_1_30' title='bbox 2049 479 2213 550; x_wconf 88' lang='grc' dir='ltr'><em>ἀπο-</em></span> 
     </span>
     <span class='ocr_line' id='line_1_5' title="bbox 225 575 2213 673; baseline -0.002 -18"><span class='ocrx_word' id='word_1_31' title='bbox 225 575 511 664; x_wconf 77' lang='grc' dir='ltr'><em>δεικνύς</em></span> <span class='ocrx_word' id='word_1_32' title='bbox 533 581 658 673; x_wconf 80' lang='grc' dir='ltr'><em>τὴν</em></span> <span class='ocrx_word' id='word_1_33' title='bbox 695 581 1136 672; x_wconf 79' lang='grc' dir='ltr'><em>ἰσχυροτάτην</em></span> <span class='ocrx_word' id='word_1_34' title='bbox 1170 582 1284 650; x_wconf 86' lang='grc' dir='ltr'><em>καὶ</em></span> <span class='ocrx_word' id='word_1_35' title='bbox 1324 585 1531 653; x_wconf 83' lang='grc' dir='ltr'><em>πλέον</em></span> <span class='ocrx_word' id='word_1_36' title='bbox 1559 589 1697 654; x_wconf 71' lang='grc' dir='ltr'><em>τῶν</em></span> <span class='ocrx_word' id='word_1_37' title='bbox 1736 580 1963 655; x_wconf 76' lang='grc' dir='ltr'><em>ἄλλων</em></span> <span class='ocrx_word' id='word_1_38' title='bbox 2005 589 2213 654; x_wconf 85' lang='grc' dir='ltr'><em>δυνα-</em></span> 
     </span>
     <span class='ocr_line' id='line_1_6' title="bbox 223 680 2275 777; baseline -0 -20"><span class='ocrx_word' id='word_1_39' title='bbox 223 690 468 777; x_wconf 87' lang='grc' dir='ltr'><em>μένην,</em></span> <span class='ocrx_word' id='word_1_40' title='bbox 512 683 635 756; x_wconf 91' lang='grc' dir='ltr'><em>οσα</em></span> <span class='ocrx_word' id='word_1_41' title='bbox 667 693 828 774; x_wconf 90' lang='grc' dir='ltr'><em>βίαν</em></span> <span class='ocrx_word' id='word_1_42' title='bbox 856 680 1101 773; x_wconf 72' lang='grc' dir='ltr'><em>ἔχειν”</em></span> <span class='ocrx_word' id='word_1_43' title='bbox 1059 713 1099 774; x_wconf 86' lang='grc' dir='ltr'><em>η</em></span> <span class='ocrx_word' id='word_1_44' title='bbox 1129 685 1411 756; x_wconf 84' lang='grc' dir='ltr'><em>σύνεσιν</em></span> <span class='ocrx_word' id='word_1_45' title='bbox 1443 691 1648 756; x_wconf 80' lang='grc' dir='ltr'><em>δοκεῖ.</em></span> <span class='ocrx_word' id='word_1_46' title='bbox 1718 685 1839 757; x_wconf 81' lang='grc' dir='ltr'><em>τὸν</em></span> <span class='ocrx_word' id='word_1_47' title='bbox 1868 684 2217 777; x_wconf 73' lang='grc' dir='ltr'><em>δὲτρόπον</em></span> <span class='ocrx_word' id='word_1_48' title='bbox 2244 705 2275 751; x_wconf 76' lang='lat'><em>⁶.</em></span> 
     </span>
     <span class='ocr_line' id='line_1_7' title="bbox 222 783 2214 879; baseline -0.002 -19"><span class='ocrx_word' id='word_1_49' title='bbox 222 796 339 879; x_wconf 84' lang='grc' dir='ltr'><em>τῆς</em></span> <span class='ocrx_word' id='word_1_50' title='bbox 364 787 766 869; x_wconf 80' lang='grc' dir='ltr'><em>ἀποδείξεως</em></span> <span class='ocrx_word' id='word_1_51' title='bbox 800 783 1125 858; x_wconf 79' lang='grc' dir='ltr'><em>ἐντεῦθεν</em></span> <span class='ocrx_word' id='word_1_52' title='bbox 1161 787 1557 876; x_wconf 78' lang='grc' dir='ltr'><em>ἐλάμβανεν.</em></span> <span class='ocrx_word' id='word_1_53' title='bbox 1608 784 1928 860; x_wconf 77' lang='grc' dir='ltr'><em>ἁπάντων</em></span> <span class='ocrx_word' id='word_1_54' title='bbox 1954 819 2079 878; x_wconf 90' lang='grc' dir='ltr'><em>μεν</em></span> <span class='ocrx_word' id='word_1_55' title='bbox 2121 786 2214 858; x_wconf 86' lang='grc' dir='ltr'><em>εἴ-</em></span> 
     </span>
     <span class='ocr_line' id='line_1_8' title="bbox 223 889 2211 983; baseline -0.002 -20"><span class='ocrx_word' id='word_1_56' title='bbox 223 919 353 963; x_wconf 82' lang='grc' dir='ltr'><em>πεν</em></span> <span class='ocrx_word' id='word_1_57' title='bbox 387 889 796 981; x_wconf 70' lang='grc' dir='ltr'><em>ἀνθρώπους</em></span> <span class='ocrx_word' id='word_1_58' title='bbox 824 909 1288 983; x_wconf 81' lang='grc' dir='ltr'><em>περικρατεῖν,</em></span> <span class='ocrx_word' id='word_1_59' title='bbox 1316 898 1385 961; x_wconf 83' lang='grc' dir='ltr'><em>οἳ</em></span> <span class='ocrx_word' id='word_1_60' title='bbox 1413 893 1527 962; x_wconf 86' lang='grc' dir='ltr'><em>καὶ</em></span> <span class='ocrx_word' id='word_1_61' title='bbox 1563 889 1687 982; x_wconf 78' lang='grc' dir='ltr'><em>τὴν</em></span> <span class='ocrx_word' id='word_1_62' title='bbox 1712 896 1844 981; x_wconf 79' lang='grc' dir='ltr'><em>γῆν</em></span> <span class='ocrx_word' id='word_1_63' title='bbox 1880 919 2211 978; x_wconf 83' lang='grc' dir='ltr'><em>καταναγ-</em></span> 
     </span>
     <span class='ocr_line' id='line_1_9' title="bbox 224 989 2214 1086; baseline -0.001 -22"><span class='ocrx_word' id='word_1_64' title='bbox 224 995 492 1078; x_wconf 82' lang='grc' dir='ltr'><em>κάζουσι</em></span> <span class='ocrx_word' id='word_1_65' title='bbox 520 996 634 1063; x_wconf 81' lang='grc' dir='ltr'><em>καὶ</em></span> <span class='ocrx_word' id='word_1_66' title='bbox 672 991 798 1083; x_wconf 81' lang='grc' dir='ltr'><em>τὴν</em></span> <span class='ocrx_word' id='word_1_67' title='bbox 825 994 1176 1065; x_wconf 89' lang='grc' dir='ltr'><em>θάλασσαν</em></span> <span class='ocrx_word' id='word_1_68' title='bbox 1217 993 1391 1083; x_wconf 83' lang='grc' dir='ltr'><em>εἶναι</em></span> <span class='ocrx_word' id='word_1_69' title='bbox 1428 1002 1759 1086; x_wconf 83' lang='grc' dir='ltr'><em>χρησίμην</em></span> <span class='ocrx_word' id='word_1_70' title='bbox 1785 991 2013 1086; x_wconf 82' lang='grc' dir='ltr'><em>αὐτοῖς</em></span> <span class='ocrx_word' id='word_1_71' title='bbox 2051 989 2214 1080; x_wconf 79' lang='grc' dir='ltr'><em>πρὸς</em></span> 
     </span>
     <span class='ocr_line' id='line_1_10' title="bbox 223 1091 2213 1193; baseline -0.002 -26"><span class='ocrx_word' id='word_1_72' title='bbox 223 1094 266 1167; x_wconf 76' lang='grc' dir='ltr'><em>ἃ</em></span> <span class='ocrx_word' id='word_1_73' title='bbox 309 1100 628 1182; x_wconf 81' lang='grc' dir='ltr'><em>θέλουσι,</em></span> <span class='ocrx_word' id='word_1_74' title='bbox 670 1091 974 1168; x_wconf 84' lang='grc' dir='ltr'><em>“τούτων</em></span> <span class='ocrx_word' id='word_1_75' title='bbox 1016 1094 1080 1166; x_wconf 89' lang='grc' dir='ltr'><em>δ’</em></span> <span class='ocrx_word' id='word_1_76' title='bbox 1128 1095 1451 1193; x_wconf 72' lang='grc' dir='ltr'><em>ἄρχουσιν</em></span> <span class='ocrx_word' id='word_1_77' title='bbox 1501 1103 1571 1168; x_wconf 76' lang='grc' dir='ltr'><em>οἰ</em></span> <span class='ocrx_word' id='word_1_78' title='bbox 1602 1105 1899 1186; x_wconf 79' lang='grc' dir='ltr'><em>βασιλεῖς</em></span> <span class='ocrx_word' id='word_1_79' title='bbox 1938 1098 2050 1167; x_wconf 82' lang='grc' dir='ltr'><em>καὶ</em></span> <span class='ocrx_word' id='word_1_80' title='bbox 2092 1094 2213 1185; x_wconf 86' lang='grc' dir='ltr'><em>τὴν</em></span> 
     </span>
     <span class='ocr_line' id='line_1_11' title="bbox 222 1197 2303 1291; baseline -0.002 -22"><span class='ocrx_word' id='word_1_81' title='bbox 222 1204 537 1284; x_wconf 79' lang='grc' dir='ltr'><em>ἐξουσίαν</em></span> <span class='ocrx_word' id='word_1_82' title='bbox 563 1206 868 1288; x_wconf 50' lang='grc' dir='ltr'><em>ἔχουσινθ</em></span> <span class='ocrx_word' id='word_1_83' title='bbox 909 1206 978 1270; x_wconf 79' lang='grc' dir='ltr'><em>οἰ</em></span> <span class='ocrx_word' id='word_1_84' title='bbox 1001 1200 1076 1271; x_wconf 75' lang='grc' dir='ltr'><em>δὲ</em></span> <span class='ocrx_word' id='word_1_85' title='bbox 1101 1205 1224 1271; x_wconf 84' lang='grc' dir='ltr'><em>τοῦ</em></span> <span class='ocrx_word' id='word_1_86' title='bbox 1252 1208 1608 1291; x_wconf 83' lang='grc' dir='ltr'><em>κρατίστου</em></span> <span class='ocrx_word' id='word_1_87' title='bbox 1638 1202 1750 1271; x_wconf 80' lang='grc' dir='ltr'><em>καὶ</em></span> <span class='ocrx_word' id='word_1_88' title='bbox 1778 1197 2211 1289; x_wconf 79' lang='grc' dir='ltr'><em>ἰσχυροτάτου</em></span> <span class='ocrx_word' id='word_1_89' title='bbox 2251 1225 2303 1266; x_wconf 84' lang='grc' dir='ltr'><em>ιο</em></span> 
     </span>
     <span class='ocr_line' id='line_1_12' title="bbox 100 1290 2216 1397; baseline -0.004 -18"><span class='ocrx_word' id='word_1_90' title='bbox 100 1372 104 1379; x_wconf 15' lang='grc' dir='ltr'>λ</span> <span class='ocrx_word' id='word_1_91' title='bbox 213 1302 393 1397; x_wconf 70' lang='grc' dir='ltr'><em>ζῴου</em></span> <span class='ocrx_word' id='word_1_92' title='bbox 422 1301 868 1390; x_wconf 73' lang='grc' dir='ltr'><em>δεσπόζοντες,</em></span> <span class='ocrx_word' id='word_1_93' title='bbox 902 1290 1394 1393; x_wconf 79' lang='grc' dir='ltr'><em>ἀνυπέρβλητοι</em></span> <span class='ocrx_word' id='word_1_94' title='bbox 1423 1302 1548 1394; x_wconf 87' lang='grc' dir='ltr'><em>τὴν</em></span> <span class='ocrx_word' id='word_1_95' title='bbox 1576 1304 1868 1393; x_wconf 86' lang='grc' dir='ltr'><em>δύναμιν</em></span> <span class='ocrx_word' id='word_1_96' title='bbox 1894 1294 2075 1374; x_wconf 83' lang='grc' dir='ltr'><em>οὗτοι</em></span> <span class='ocrx_word' id='word_1_97' title='bbox 2101 1303 2216 1371; x_wconf 84' lang='grc' dir='ltr'><em>καὶ</em></span> 
     </span>
     <span class='ocr_line' id='line_1_13' title="bbox 220 1401 2271 1533; baseline -0 -58"><span class='ocrx_word' id='word_1_98' title='bbox 220 1404 345 1496; x_wconf 78' lang='grc' dir='ltr'><em>τὴν</em></span> <span class='ocrx_word' id='word_1_99' title='bbox 375 1403 572 1494; x_wconf 87' lang='grc' dir='ltr'><em>ἰσχυν</em></span> <span class='ocrx_word' id='word_1_100' title='bbox 601 1401 938 1487; x_wconf 68' lang='grc' dir='ltr'><em>εἰκότως”</em></span> <span class='ocrx_word' id='word_1_101' title='bbox 897 1436 982 1478; x_wconf 90' lang='grc' dir='ltr'><em>αν</em></span> <span class='ocrx_word' id='word_1_102' title='bbox 1015 1405 1174 1477; x_wconf 85' lang='grc' dir='ltr'><em>εἷεν.</em></span> <span class='ocrx_word' id='word_1_103' title='bbox 1223 1405 1451 1498; x_wconf 88' lang='grc' dir='ltr'><em>ἀμέλει</em></span> <span class='ocrx_word' id='word_1_104' title='bbox 1478 1411 1806 1533; x_wconf 84' lang='grc' dir='ltr'><em>πολέμους</em></span> <span class='ocrx_word' id='word_1_105' title='bbox 1835 1404 2212 1479; x_wconf 83' lang='grc' dir='ltr'><em>ἐπιτάττον</em></span> <span class='ocrx_word' id='word_1_106' title='bbox 2267 1425 2271 1438; x_wconf 93' lang='grc'><strong><em>·</em></strong></span> 
     </span>
     <span class='ocr_line' id='line_1_14' title="bbox 222 1499 2214 1636; baseline -0 -57"><span class='ocrx_word' id='word_1_107' title='bbox 222 1537 330 1591; x_wconf 88' lang='grc' dir='ltr'><em>τες</em></span> <span class='ocrx_word' id='word_1_108' title='bbox 359 1510 473 1579; x_wconf 84' lang='grc' dir='ltr'><em>καὶ</em></span> <span class='ocrx_word' id='word_1_109' title='bbox 499 1507 864 1636; x_wconf 80' lang='grc' dir='ltr'><em>κινδύνους</em></span> <span class='ocrx_word' id='word_1_110' title='bbox 892 1525 1031 1590; x_wconf 85' lang='grc' dir='ltr'><em>τοῖς</em></span> <span class='ocrx_word' id='word_1_111' title='bbox 1055 1499 1447 1602; x_wconf 76' lang='grc' dir='ltr'><em>ἀρχομένοις</em></span> <span class='ocrx_word' id='word_1_112' title='bbox 1479 1507 1868 1597; x_wconf 88' lang='grc' dir='ltr'><em>ἀκούονται,</em></span> <span class='ocrx_word' id='word_1_113' title='bbox 1895 1510 2007 1579; x_wconf 89' lang='grc' dir='ltr'><em>καὶ</em></span> <span class='ocrx_word' id='word_1_114' title='bbox 2048 1511 2214 1597; x_wconf 80' lang='grc' dir='ltr'><em>πέμ·</em></span> 
     </span>
     <span class='ocr_line' id='line_1_15' title="bbox 221 1608 2218 1704; baseline -0.001 -23"><span class='ocrx_word' id='word_1_115' title='bbox 221 1637 461 1693; x_wconf 84' lang='grc' dir='ltr'><em>ποντες</em></span> <span class='ocrx_word' id='word_1_116' title='bbox 500 1640 746 1692; x_wconf 89' lang='grc' dir='ltr'><em>αυτους</em></span> <span class='ocrx_word' id='word_1_117' title='bbox 794 1614 903 1682; x_wconf 79' lang='grc' dir='ltr'><em>ἐπὶ</em></span> <span class='ocrx_word' id='word_1_118' title='bbox 937 1610 1093 1695; x_wconf 75' lang='grc' dir='ltr'><em>τοὺς</em></span> <span class='ocrx_word' id='word_1_119' title='bbox 1133 1610 1421 1704; x_wconf 79' lang='grc' dir='ltr'><em>ἐχθρους</em></span> <span class='ocrx_word' id='word_1_120' title='bbox 1466 1624 1894 1693; x_wconf 80' lang='grc' dir='ltr'><em>καταπειθεῖς</em></span> <span class='ocrx_word' id='word_1_121' title='bbox 1937 1608 2052 1686; x_wconf 74' lang='grc' dir='ltr'><em>διὰ</em></span> <span class='ocrx_word' id='word_1_122' title='bbox 2092 1608 2218 1700; x_wconf 82' lang='grc' dir='ltr'><em>τὴν</em></span> 
     </span>
     <span class='ocr_line' id='line_1_16' title="bbox 225 1711 2431 1807; baseline -0 -23"><span class='ocrx_word' id='word_1_123' title='bbox 225 1714 420 1804; x_wconf 87' lang='grc' dir='ltr'><em>ἰσχυν</em></span> <span class='ocrx_word' id='word_1_124' title='bbox 459 1743 582 1804; x_wconf 90' lang='grc' dir='ltr'><em>την</em></span> <span class='ocrx_word' id='word_1_125' title='bbox 621 1711 851 1785; x_wconf 76' lang='grc' dir='ltr'><em>αὑτων</em></span> <span class='ocrx_word' id='word_1_126' title='bbox 886 1723 1144 1805; x_wconf 81' lang='grc' dir='ltr'><em>ἔχουσι·</em></span> <span class='ocrx_word' id='word_1_127' title='bbox 1202 1713 1403 1786; x_wconf 75' lang='grc' dir='ltr'><em>καὶ”</em></span> <span class='ocrx_word' id='word_1_128' title='bbox 1364 1745 1488 1807; x_wconf 92' lang='grc' dir='ltr'><em>ορη</em></span> <span class='ocrx_word' id='word_1_129' title='bbox 1530 1716 1655 1805; x_wconf 71' lang='grc' dir='ltr'><em>μὲν</em></span> <span class='ocrx_word' id='word_1_130' title='bbox 1694 1715 2216 1806; x_wconf 80' lang='grc' dir='ltr'><em>κατεργάζεσθαι</em></span> <span class='ocrx_word' id='word_1_131' title='bbox 2255 1734 2305 1777; x_wconf 75' lang='lat'><em>¹⁵</em></span> <span class='ocrx_word' id='word_1_132' title='bbox 2416 1793 2431 1801; x_wconf 47' lang='grc'><em>,</em></span> 
     </span>
     <span class='ocr_line' id='line_1_17' title="bbox 223 1818 2210 1912; baseline -0.001 -25"><span class='ocrx_word' id='word_1_133' title='bbox 223 1822 336 1888; x_wconf 85' lang='grc' dir='ltr'><em>καὶ</em></span> <span class='ocrx_word' id='word_1_134' title='bbox 365 1824 548 1907; x_wconf 87' lang='grc' dir='ltr'><em>τείχη</em></span> <span class='ocrx_word' id='word_1_135' title='bbox 574 1840 922 1890; x_wconf 89' lang='grc' dir='ltr'><em>κατασπαν</em></span> <span class='ocrx_word' id='word_1_136' title='bbox 962 1821 1075 1889; x_wconf 80' lang='grc' dir='ltr'><em>καὶ</em></span> <span class='ocrx_word' id='word_1_137' title='bbox 1115 1820 1415 1912; x_wconf 80' lang='grc' dir='ltr'><em>πύργους</em></span> <span class='ocrx_word' id='word_1_138' title='bbox 1450 1818 1823 1890; x_wconf 90' lang='grc' dir='ltr'><em>κελεύουσι.</em></span> <span class='ocrx_word' id='word_1_139' title='bbox 1884 1819 1996 1887; x_wconf 80' lang='grc' dir='ltr'><em>καὶ</em></span> <span class='ocrx_word' id='word_1_140' title='bbox 2035 1822 2210 1888; x_wconf 86' lang='grc' dir='ltr'><em>κτεί-</em></span> 
     </span>
     <span class='ocr_line' id='line_1_18' title="bbox 222 1917 2218 2023; baseline -0.002 -31"><span class='ocrx_word' id='word_1_141' title='bbox 222 1926 465 1992; x_wconf 78' lang='grc' dir='ltr'><em>νεσθαὶ</em></span> <span class='ocrx_word' id='word_1_142' title='bbox 508 1921 584 1993; x_wconf 74' lang='grc' dir='ltr'><em>δὲ</em></span> <span class='ocrx_word' id='word_1_143' title='bbox 637 1927 707 1992; x_wconf 78' lang='grc' dir='ltr'><em>οἰ</em></span> <span class='ocrx_word' id='word_1_144' title='bbox 741 1925 1222 2005; x_wconf 81' lang='grc' dir='ltr'><em>κελευσθέντες</em></span> <span class='ocrx_word' id='word_1_145' title='bbox 1263 1925 1377 1993; x_wconf 85' lang='grc' dir='ltr'><em>καὶ</em></span> <span class='ocrx_word' id='word_1_146' title='bbox 1409 1930 1701 1994; x_wconf 88' lang='grc' dir='ltr'><em>κτείνειν</em></span> <span class='ocrx_word' id='word_1_147' title='bbox 1740 1917 2218 2023; x_wconf 88' lang='grc' dir='ltr'><em>υπομένουσιν,</em></span> 
     </span>
     <span class='ocr_line' id='line_1_19' title="bbox 221 2022 807 2115; baseline 0.002 -20.007"><span class='ocrx_word' id='word_1_148' title='bbox 221 2031 336 2095; x_wconf 89' lang='grc' dir='ltr'><em>ινα</em></span> <span class='ocrx_word' id='word_1_149' title='bbox 377 2054 467 2115; x_wconf 92' lang='grc' dir='ltr'><em>μη</em></span> <span class='ocrx_word' id='word_1_150' title='bbox 492 2022 574 2094; x_wconf 78' lang='grc' dir='ltr'><em>τὰ</em></span> <span class='ocrx_word' id='word_1_151' title='bbox 601 2032 721 2096; x_wconf 85' lang='grc' dir='ltr'><em>τοῦ</em></span> <span class='ocrx_word' id='word_1_152' title='bbox 759 2034 807 2115; x_wconf 91' lang='grc' dir='ltr'><em>β</em></span> 
     </span>
     <span class='ocr_line' id='line_1_20' title="bbox 221 2128 804 2220; baseline 0.003 -23"><span class='ocrx_word' id='word_1_153' title='bbox 221 2156 413 2217; x_wconf 90' lang='grc' dir='ltr'><em>ματα.</em></span> <span class='ocrx_word' id='word_1_154' title='bbox 482 2128 804 2220; x_wconf 79' lang='grc' dir='ltr'><em>νικήσαντ</em></span> 
     </span>
     <span class='ocr_line' id='line_1_21' title="bbox 222 2236 2348 2323; baseline -0.003 -23"><span class='ocrx_word' id='word_1_155' title='bbox 222 2257 353 2320; x_wconf 77' lang='grc' dir='ltr'><em>μου,</em></span> <span class='ocrx_word' id='word_1_156' title='bbox 407 2236 500 2323; x_wconf 76' lang='grc' dir='ltr'><em>τῷ</em></span> <span class='ocrx_word' id='word_1_157' title='bbox 551 2240 807 2320; x_wconf 83' lang='grc' dir='ltr'><em>βασιλεῖ</em></span> <span class='ocrx_word' id='word_1_158' title='bbox 2250 2252 2305 2293; x_wconf 75' lang='lat' dir='ltr'><strong>m</strong></span> <span class='ocrx_word' id='word_1_159' title='bbox 2328 2251 2348 2281; x_wconf 82' lang='lat'><strong><em>¹</em></strong></span> 
     </span>
     <span class='ocr_line' id='line_1_22' title="bbox 223 2330 807 2423; baseline 0.003 -22"><span class='ocrx_word' id='word_1_160' title='bbox 223 2336 330 2419; x_wconf 87' lang='grc' dir='ltr'><em>δέ,</em></span> <span class='ocrx_word' id='word_1_161' title='bbox 372 2330 541 2402; x_wconf 81' lang='grc' dir='ltr'><em>ἀλλὰ</em></span> <span class='ocrx_word' id='word_1_162' title='bbox 582 2339 712 2423; x_wconf 85' lang='grc' dir='ltr'><em>γῆν</em></span> <span class='ocrx_word' id='word_1_163' title='bbox 758 2337 807 2417; x_wconf 65' lang='grc' dir='ltr'><em>ἐς</em></span> 
     </span>
     <span class='ocr_line' id='line_1_23' title="bbox 221 2438 807 2515; baseline 0.003 -11"><span class='ocrx_word' id='word_1_164' title='bbox 221 2456 458 2515; x_wconf 86' lang='grc' dir='ltr'><em>σαντες</em></span> <span class='ocrx_word' id='word_1_165' title='bbox 507 2438 621 2505; x_wconf 83' lang='grc' dir='ltr'><em>καὶ</em></span> <span class='ocrx_word' id='word_1_166' title='bbox 661 2442 807 2507; x_wconf 75' lang='grc' dir='ltr'><em>πᾶσι</em></span> 
     </span>
     <span class='ocr_line' id='line_1_24' title="bbox 222 2545 807 2628; baseline 0.003 -21"><span class='ocrx_word' id='word_1_167' title='bbox 222 2545 570 2628; x_wconf 84' lang='grc' dir='ltr'><em>μείναντες</em></span> <span class='ocrx_word' id='word_1_168' title='bbox 605 2547 807 2627; x_wconf 89' lang='grc' dir='ltr'><em>θερίσ</em></span> 
     </span>
     <span class='ocr_line' id='line_1_25' title="bbox 224 2633 2290 2734; baseline -0.001 -21"><span class='ocrx_word' id='word_1_169' title='bbox 224 2641 476 2733; x_wconf 85' lang='grc' dir='ltr'><em>φόρους</em></span> <span class='ocrx_word' id='word_1_170' title='bbox 527 2647 620 2734; x_wconf 74' lang='grc' dir='ltr'><em>τῷ</em></span> <span class='ocrx_word' id='word_1_171' title='bbox 665 2650 939 2731; x_wconf 77' lang='grc' dir='ltr'><em>’βασιλεῖ</em></span> <span class='ocrx_word' id='word_1_172' title='bbox 984 2650 1387 2733; x_wconf 80' lang='grc' dir='ltr'><em>κομίζουσιν.</em></span> <span class='ocrx_word' id='word_1_173' title='bbox 1479 2638 1515 2713; x_wconf 80' lang='grc' dir='ltr'><em>ὃ</em></span> <span class='ocrx_word' id='word_1_174' title='bbox 1568 2638 1633 2712; x_wconf 84' lang='grc' dir='ltr'><em>δ’</em></span> <span class='ocrx_word' id='word_1_175' title='bbox 1691 2635 1778 2711; x_wconf 74' lang='grc' dir='ltr'><em>ἂν</em></span> <span class='ocrx_word' id='word_1_176' title='bbox 1821 2633 2014 2721; x_wconf 75' lang='grc' dir='ltr'><em>οὗτος</em></span> <span class='ocrx_word' id='word_1_177' title='bbox 2062 2651 2218 2730; x_wconf 79' lang='grc' dir='ltr'><em>εἴπῃ</em></span> <span class='ocrx_word' id='word_1_178' title='bbox 2285 2685 2290 2690; x_wconf 47' lang='lat'><em>1</em></span> 
     </span>
     <span class='ocr_line' id='line_1_26' title="bbox 222 2713 2307 2840; baseline -0.001 -24"><span class='ocrx_word' id='word_1_179' title='bbox 222 2749 334 2816; x_wconf 86' lang='grc' dir='ltr'><em>καὶ</em></span> <span class='ocrx_word' id='word_1_180' title='bbox 397 2713 683 2835; x_wconf 78' lang='grc' dir='ltr'><em>κελεύσῃ</em></span> <span class='ocrx_word' id='word_1_181' title='bbox 702 2798 720 2832; x_wconf 94' lang='grc'><em>,</em></span> <span class='ocrx_word' id='word_1_182' title='bbox 773 2750 971 2825; x_wconf 78' lang='grc' dir='ltr'><em>τοῦτο</em></span> <span class='ocrx_word' id='word_1_183' title='bbox 1017 2749 1084 2829; x_wconf 80' lang='grc' dir='ltr'><em>ἐξ</em></span> <span class='ocrx_word' id='word_1_184' title='bbox 1123 2743 1417 2840; x_wconf 76' lang='grc' dir='ltr'><em>ἀνάγκης</em></span> <span class='ocrx_word' id='word_1_185' title='bbox 1459 2741 1663 2838; x_wconf 71' lang='grc' dir='ltr'><em>οὐδὲν</em></span> <span class='ocrx_word' id='word_1_186' title='bbox 1712 2739 2215 2835; x_wconf 87' lang='grc' dir='ltr'><em>υπερβαλλόμε-</em></span> <span class='ocrx_word' id='word_1_187' title='bbox 2252 2761 2307 2804; x_wconf 74' lang='lat'><em>2⁵</em></span> 
     </span>
     <span class='ocr_line' id='line_1_27' title="bbox 220 2842 2240 2940; baseline -0.002 -21.997"><span class='ocrx_word' id='word_1_188' title='bbox 220 2869 346 2920; x_wconf 89' lang='grc' dir='ltr'><em>’νον</em></span> <span class='ocrx_word' id='word_1_189' title='bbox 395 2858 672 2938; x_wconf 90' lang='grc' dir='ltr'><em>γίνεται.</em></span> <span class='ocrx_word' id='word_1_190' title='bbox 744 2845 968 2920; x_wconf 82' lang='grc' dir='ltr'><em>ἔπειθ’</em></span> <span class='ocrx_word' id='word_1_191' title='bbox 1016 2845 1055 2919; x_wconf 80' lang='grc' dir='ltr'><em>ὃ</em></span> <span class='ocrx_word' id='word_1_192' title='bbox 1103 2849 1230 2938; x_wconf 74' lang='grc' dir='ltr'><em>μὲν</em></span> <span class='ocrx_word' id='word_1_193' title='bbox 1283 2854 1543 2940; x_wconf 82' lang='grc' dir='ltr'><em>τρυφῆς</em></span> <span class='ocrx_word' id='word_1_194' title='bbox 1592 2843 1848 2938; x_wconf 86' lang='grc' dir='ltr'><em>απάσης</em></span> <span class='ocrx_word' id='word_1_195' title='bbox 1899 2847 2012 2916; x_wconf 81' lang='grc' dir='ltr'><em>καὶ</em></span> <span class='ocrx_word' id='word_1_196' title='bbox 2056 2842 2240 2935; x_wconf 79' lang='grc' dir='ltr'><em>ἦδο-</em></span> 
     </span>
     <span class='ocr_line' id='line_1_28' title="bbox 224 2930 2218 3043; baseline -0.003 -22"><span class='ocrx_word' id='word_1_197' title='bbox 224 2957 346 3040; x_wconf 85' lang='grc' dir='ltr'><em>νῆς</em></span> <span class='ocrx_word' id='word_1_198' title='bbox 407 2930 997 3043; x_wconf 81' lang='grc' dir='ltr'><em>ἀναπιμπλάμενος</em></span> <span class='ocrx_word' id='word_1_199' title='bbox 1062 2952 1427 3039; x_wconf 81' lang='grc' dir='ltr'><em>καθεύδει,</em></span> <span class='ocrx_word' id='word_1_200' title='bbox 1489 2950 1899 3041; x_wconf 86' lang='grc' dir='ltr'><em>φυλάσσεται</em></span> <span class='ocrx_word' id='word_1_201' title='bbox 1953 2948 2053 3018; x_wconf 70' lang='grc' dir='ltr'><em>δὲ</em></span> <span class='ocrx_word' id='word_1_202' title='bbox 2084 2943 2218 3017; x_wconf 84' lang='grc' dir='ltr'><em>υπὸ</em></span> 
     </span>
     <span class='ocr_line' id='line_1_29' title="bbox 222 3049 2215 3144; baseline -0.001 -22"><span class='ocrx_word' id='word_1_203' title='bbox 222 3057 751 3142; x_wconf 77' lang='grc' dir='ltr'><em>γρηγορούντων</em></span> <span class='ocrx_word' id='word_1_204' title='bbox 776 3057 890 3125; x_wconf 84' lang='grc' dir='ltr'><em>καὶ</em></span> <span class='ocrx_word' id='word_1_205' title='bbox 932 3049 1178 3125; x_wconf 87' lang='grc' dir='ltr'><em>ωσανεὶ</em></span> <span class='ocrx_word' id='word_1_206' title='bbox 1223 3057 1606 3144; x_wconf 83' lang='grc' dir='ltr'><em>δεδεμένων</em></span> <span class='ocrx_word' id='word_1_207' title='bbox 1640 3050 1775 3124; x_wconf 81' lang='grc' dir='ltr'><em>ὑπὸ</em></span> <span class='ocrx_word' id='word_1_208' title='bbox 1800 3056 1922 3123; x_wconf 83' lang='grc' dir='ltr'><em>τοῦ</em></span> <span class='ocrx_word' id='word_1_209' title='bbox 1964 3049 2215 3141; x_wconf 89' lang='grc' dir='ltr'><em>φόβου·</em></span> 
     </span>
     <span class='ocr_line' id='line_1_30' title="bbox 225 3151 2222 3283; baseline 0 -60"><span class='ocrx_word' id='word_1_210' title='bbox 225 3165 618 3228; x_wconf 79' lang='grc' dir='ltr'><em>καταλιπεῖν</em></span> <span class='ocrx_word' id='word_1_211' title='bbox 648 3158 777 3283; x_wconf 80' lang='grc' dir='ltr'><em>γὰρ</em></span> <span class='ocrx_word' id='word_1_212' title='bbox 829 3154 1054 3238; x_wconf 80' lang='grc' dir='ltr'><em>οὐδεὶς</em></span> <span class='ocrx_word' id='word_1_213' title='bbox 1107 3159 1317 3250; x_wconf 74' lang='grc' dir='ltr'><em>τολμᾷ</em></span> <span class='ocrx_word' id='word_1_214' title='bbox 1367 3157 1821 3246; x_wconf 70' lang='grc' dir='ltr'><em>κοιμώμενον,</em></span> <span class='ocrx_word' id='word_1_215' title='bbox 1874 3151 2036 3225; x_wconf 73' lang='grc' dir='ltr'><em>οὐδὲ</em></span> <span class='ocrx_word' id='word_1_216' title='bbox 2084 3158 2222 3224; x_wconf 71' lang='grc' dir='ltr'><em>τῶν</em></span> 
     </span>
     <span class='ocr_line' id='line_1_31' title="bbox 157 3255 2307 3351; baseline -0 -23"><span class='ocrx_word' id='word_1_217' title='bbox 157 3264 169 3268; x_wconf 68' lang='grc'>’</span> <span class='ocrx_word' id='word_1_218' title='bbox 226 3264 422 3328; x_wconf 82' lang='grc' dir='ltr'><em>ἰδίων</em></span> <span class='ocrx_word' id='word_1_219' title='bbox 459 3255 891 3349; x_wconf 86' lang='grc' dir='ltr'><em>ἀναχωρήσας</em></span> <span class='ocrx_word' id='word_1_220' title='bbox 931 3271 1272 3331; x_wconf 86' lang='grc' dir='ltr'><em>ποιεῖσθαι</em></span> <span class='ocrx_word' id='word_1_221' title='bbox 1303 3259 1665 3351; x_wconf 87' lang='grc' dir='ltr'><em>πρόνοιαν,</em></span> <span class='ocrx_word' id='word_1_222' title='bbox 1707 3255 1856 3330; x_wconf 86' lang='grc' dir='ltr'><em>ἀλλ’</em></span> <span class='ocrx_word' id='word_1_223' title='bbox 1905 3263 1980 3329; x_wconf 76' lang='grc' dir='ltr'><em>ἓν</em></span> <span class='ocrx_word' id='word_1_224' title='bbox 2020 3264 2220 3349; x_wconf 81' lang='grc' dir='ltr'><em>ἔργον</em></span> <span class='ocrx_word' id='word_1_225' title='bbox 2253 3284 2307 3327; x_wconf 75' lang='lat' dir='ltr'><em>ao</em></span> 
     </span>
     <span class='ocr_line' id='line_1_32' title="bbox 223 3356 2222 3488; baseline 0.001 -59"><span class='ocrx_word' id='word_1_226' title='bbox 223 3356 595 3449; x_wconf 78' lang='grc' dir='ltr'><em>ἡγούμενος</em></span> <span class='ocrx_word' id='word_1_227' title='bbox 633 3357 1002 3447; x_wconf 86' lang='grc' dir='ltr'><em>ἀναγκαῖον</em></span> <span class='ocrx_word' id='word_1_228' title='bbox 1026 3361 1101 3433; x_wconf 85' lang='grc' dir='ltr'><em>τὸ</em></span> <span class='ocrx_word' id='word_1_229' title='bbox 1126 3362 1493 3452; x_wconf 89' lang='grc' dir='ltr'><em>φυλάττειν</em></span> <span class='ocrx_word' id='word_1_230' title='bbox 1519 3361 1639 3433; x_wconf 85' lang='grc' dir='ltr'><em>τὸν</em></span> <span class='ocrx_word' id='word_1_231' title='bbox 1667 3364 1979 3452; x_wconf 89' lang='grc' dir='ltr'><em>βασιλέα,</em></span> <span class='ocrx_word' id='word_1_232' title='bbox 2006 3360 2222 3488; x_wconf 74' lang='grc' dir='ltr'><em>τούτῳ</em></span> 
     </span>
     <span class='ocr_line' id='line_1_33' title="bbox 227 3450 2217 3556; baseline 0.003 -25"><span class='ocrx_word' id='word_1_233' title='bbox 227 3465 604 3552; x_wconf 83' lang='grc' dir='ltr'><em>προσμένει.</em></span> <span class='ocrx_word' id='word_1_234' title='bbox 667 3486 806 3541; x_wconf 90' lang='grc' dir='ltr'><em>πως</em></span> <span class='ocrx_word' id='word_1_235' title='bbox 833 3456 959 3534; x_wconf 80' lang='grc' dir='ltr'><em>οὖν</em></span> <span class='ocrx_word' id='word_1_236' title='bbox 985 3465 1109 3537; x_wconf 82' lang='grc' dir='ltr'><em>οὐκ</em></span> <span class='ocrx_word' id='word_1_237' title='bbox 1139 3496 1224 3537; x_wconf 91' lang='grc' dir='ltr'><em>αν</em></span> <span class='ocrx_word' id='word_1_238' title='bbox 1248 3462 1286 3537; x_wconf 87' lang='lat'>6</span> <span class='ocrx_word' id='word_1_239' title='bbox 1313 3464 1631 3556; x_wconf 83' lang='grc' dir='ltr'><em>βασιλευς</em></span> <span class='ocrx_word' id='word_1_240' title='bbox 1658 3465 1870 3550; x_wconf 78' lang='grc' dir='ltr'><em>δόξειε</em></span> <span class='ocrx_word' id='word_1_241' title='bbox 1896 3462 2021 3553; x_wconf 85' lang='grc' dir='ltr'><em>τὴν</em></span> <span class='ocrx_word' id='word_1_242' title='bbox 2047 3450 2217 3553; x_wconf 79' lang='grc' dir='ltr'><em>πάν·</em></span> 
     </span>
    </p>
   </div>
  </div>
 </body>
</html>
