2500 3882
321 137 440 201 192
766 223 778 236 ⁹
983 137 1633 199 ΑΡΧΑῙΟΛΟΓΙΑΣ

257 377 265 392 ,
321 313 435 384 λαὶ
469 309 553 382 τὰ
595 305 810 382 πολλὰ
844 304 976 400 ἤδη
1013 315 1447 396 συνίσταντο,
1479 313 1618 379 τῶν
1655 306 1783 398 μὲν
1818 302 1928 377 ἐπ’
1961 302 2194 397 ἀμύνῃ
2223 336 2326 377 ων

319 414 611 486 πείθοιεν
654 409 864 504 ὀργὴν
901 413 1358 501 ποιουμένων,
1408 416 1549 483 τῶν
1581 411 1666 482 δὲ
1704 410 1867 501 πρὶν
1908 408 2322 499 ἐμπεσόντες

290 523 550 589 ’κακων
583 531 814 606 τυχεῖν
846 514 1157 604 μεγάλων
1197 516 1578 604 τιθεμένων
1610 511 1689 584 τὸ
1716 519 2320 603 μεταχειρίσασθαι

316 619 436 693 τὸν
462 618 853 711 ανθρωπον.
909 615 1080 689 ὅθεν
1120 620 1428 708 ἐπίτηδες
1464 632 1603 698 τοῖς
1639 644 1713 686 τε
1738 612 2057 687 ἁπάντων
2084 615 2322 706 νόμοις

316 725 430 795 καὶ
468 730 560 818 τῷ
607 720 902 811 ἀσφαλεῖ
934 719 1232 810 μεγάλην
1271 720 1688 813 συνήνεγκεν
1728 716 2163 808 ευδαιμονίας
2200 723 2316 809 <50-
2346 743 2372 783 5

318 824 459 918 πὴν
498 822 535 897 ὅ
572 824 869 904 θανατος
906 821 1152 911 αὐτοῦ,
1196 830 1391 895 ἔθνει
1428 850 1502 893 τε
1541 829 1639 917 τῷ
1672 818 1971 916 ἡμετέρῳ
2015 819 2186 892 οὐδὲ
2224 829 2322 904 είς

317 928 548 1018 ὀλίγον
573 925 940 1016 ἐξεγεγόνει
965 925 1056 1016 μὴ
1085 923 1212 997 οὐκ
1238 924 1659 1004 ἀπολωλέναι
1672 977 1693 1014 ,
1721 923 1817 1016 μὴ
1837 931 2104 1013 ταχείας
2129 923 2325 1020 ἀὐτῷ

318 1037 632 1121 τελευτῆς
673 1032 1237 1120 παραγενομένης.
1304 1028 1632 1119 βούλομαι
1692 1029 1769 1099 δὲ
1824 1024 1919 1098 δι’
1963 1025 2319 1158 ἀκριβείας

319 1133 438 1207 τὸν
473 1133 694 1205 πάντα
736 1134 891 1223 περὶ
941 1130 1152 1204 αὐτοῦ
1190 1130 1419 1255 λόγον’,
1435 1138 1774 1234 διελθεῖν,
1814 1129 2087 1212 αλλως
2085 1159 2162 1201 τε
2203 1134 2318 1203 καὶ

321 1235 554 1327 ἐπειδὴ
589 1232 846 1325 πολλὴν
881 1241 1015 1325 ἔχει
1045 1243 1273 1308 πίστιν
1298 1240 1420 1305 τοῦ
1450 1227 1626 1306 θεοῦ
1651 1240 1769 1324 τῆς
1807 1233 2161 1324 δυνάμεως
2201 1238 2318 1306 καὶ
2351 1253 2396 1292 ¹·

322 1346 764 1432 παραμυθίαν
791 1355 929 1420 τοῖς
965 1341 1041 1409 ἐν
1072 1337 1305 1465 τύχαις
1329 1341 1659 1427 κειμένοις
1694 1339 1810 1407 καὶ
1834 1335 2319 1429 σωφρονισμὸν

319 1461 458 1528 τοῖς
483 1444 813 1533 οἰομένοις
850 1439 1074 1513 ἀίδιον
1113 1440 1238 1531 τὴν
1267 1439 1584 1531 εὐτυχίαν
1598 1493 1617 1527 ,
1657 1438 1827 1512 ἀλλα
1858 1439 1949 1530 μὴ
1975 1443 2087 1511 ἐπὶ
2112 1441 2314 1532 μήκι-

320 1569 479 1618 στον
504 1549 740 1636 φέρειν
764 1542 976 1615 κακὸν
994 1542 1232 1636 ἀρετῆς
1261 1542 1432 1637 αὐτῇ
1456 1543 1546 1635 μὴ
1574 1547 2138 1634 παραγενομένης.

250 1674 288 1729 3
473 1645 675 1775 ὁδοὺς
717 1647 843 1737 μὲν
880 1662 1060 1738 τρεῖς
1103 1643 1141 1718 ὁ
1178 1646 1475 1729 θάνατος
1512 1645 1723 1718 αὐτοῦ
1762 1647 2314 1738 παρεσκευάζετο,

320 1753 435 1822 καὶ
452 1751 713 1821 τούτων
740 1749 1016 1839 ἐκαστης
1042 1747 1285 1840 ανδρες
1311 1747 1558 1838 ἀγαθοὶ
1573 1749 1699 1841 τὴν
1717 1746 2084 1841 ἡγεμονίαν
2101 1751 2309 1839 εἶχον.
2351 1765 2396 1805 ¹⁵

321 1860 631 1947 Αἰμίλιος
657 1853 781 1943 μὲν
810 1848 1193 1944 Ῥήγουλος,
1224 1858 1297 1924 ἐκ
1307 1853 1682 1982 Κορδύβης
1708 1860 1825 1945 τῆς
1857 1856 1934 1924 ἐν
1954 1850 2211 1947 Ἰβηρία
2233 1852 2316 1924 τὸ

320 1961 547 2049 γένος,
586 1960 860 2047 συνεῖχέ
882 1985 1104 2045 τινας,
1143 1953 1186 2048 ἢ
1230 1954 1349 2029 δι’
1373 1946 1732 2028 ἐκείνων“
1689 1988 1731 2047 η
1763 1955 1854 2028 δι’
1893 1953 2104 2028 αὑτοῦ
2137 1959 2312 2046 πρό-

320 2074 543 2154 θυμος
582 2090 681 2134 ων
719 2058 1019 2153 αρασθαι
1056 2061 1297 2133 Γαιον·
1331 2062 1576 2150 οὲτέρα
1601 2061 1677 2132 δὲ
1715 2059 1942 2141 αὐτοῖς
1980 2084 2313 2150 συνεκρο-

320 2182 498 2238 τεῖτο
511 2218 535 2253 ,
572 2155 653 2256 ἦς
683 2168 972 2255 Χαιρέας
997 2165 1292 2246 Κάσσιος
1334 2172 1668 2253 χιλίαρχος
1692 2159 1962 2253 ἦγεμων
1985 2154 2104 2253 ἦν·
2160 2172 2313 2234 Μι-

316 2267 678 2350 νουκιανὸς
718 2265 850 2338 δὲ”
834 2279 1082 2348 Αννιος
1123 2264 1249 2338 οὐκ
1275 2265 1469 2356 ὀλίγη
1494 2282 1695 2358 μοῖρα
1717 2272 1857 2338 τῶν
1886 2267 1997 2337 ἐπὶ
2021 2265 2148 2357 τὴν
2180 2295 2306 2337 τυ-
2347 2289 2402 2330 20

319 2376 606 2463 ραννίδα
632 2361 1359 2459 παρεσκευασμένων*
1316 2399 1424 2459 ην.
1485 2375 1665 2440 αἰτία
1696 2370 1773 2440 δὲ
1810 2367 2038 2450 αυτοῖς
2067 2376 2317 2459 μίσους

316 2479 439 2544 τοῦ
464 2470 628 2563 πρὸς
664 2472 872 2542 Γαιον
911 2481 1276 2542 συνελθεῖν
1306 2468 1634 2566 Ῥηγούλω
1672 2473 1799 2562 μὲν
1838 2470 1912 2543 τὸ
1951 2474 2059 2543 ἐπὶ
2101 2478 2315 2544 πᾶσιν

252 2622 263 2632 f
294 2570 591 2667 ’ὀργίλον
616 2577 730 2645 καὶ
768 2581 947 2665 μίσει
972 2574 1320 2666 χρώμενον
1361 2572 1525 2665 πρὸς
1561 2602 1642 2646 τα
1679 2604 1802 2676 μετ
1813 2573 2125 2657 ’ἀδικίας
2154 2578 2310 2660 ἐξα·

318 2679 572 2769 γόμενα
612 2680 755 2762 (καὶ
780 2706 923 2769 γαρ
959 2677 1098 2767 εἶχέ
1124 2705 1190 2748 τι
1228 2678 1589 2769 θυμοειδὲς
1629 2682 1707 2750 ἐν
1755 2685 1838 2769 τῇ
1881 2684 2147 2750 διανοία
2192 2681 2315 2749 καὶ

319 2784 755 2872 ἐλευθέριον
728 2834 748 2871 ,
797 2777 922 2870 ὑφ’
969 2771 1052 2852 οὗ
1103 2782 1272 2872 μηδὲ
1294 2784 1579 2910 ’,στέγειν
1629 2789 2119 2874 προστίθεσθαι
2167 2809 2315 2853 των
2345 2810 2396 2850 2⁵
2467 2782 2468 2797 ¹

318 2884 834 2977 βουλευμάτων·
893 2894 1161 2966 πολλοῖς
1196 2890 1367 2974 γοῦν
1408 2883 1896 2959 ἀνεκοινωσατο
1923 2887 2036 2957 καὶ
2079 2892 2312 2975 φίλοις
2467 2880 2468 2901 ’

292 2993 434 3061 ’καὶ
460 2986 685 3069 αλλοις
727 2993 1045 3059 δοκοῦσιν
1070 3016 1253 3082 αυτω
1294 2995 1790 3080 δραστηρίοις)·
1838 2986 2313 3070 Μινουκιανὸς

322 3094 398 3165 δὲ
424 3120 505 3164 τα
530 3092 654 3183 μὲν
683 3097 984 3162 Λεπίδου
1024 3118 1096 3162 τε
1135 3095 1397 3163 ἐκδικία
1427 3095 1664 3182 (φίλον
1684 3121 1820 3185 γαρ
1827 3089 2025 3187 αυζτω
2061 3090 2143 3163 τά
2174 3092 2310 3181 μά-

324 3194 579 3265 λιστα”
540 3222 704 3268 οντα
725 3200 965 3266 τοῦτον
991 3197 1103 3265 καὶ
1127 3200 1268 3266 τ’ων
1295 3200 1587 3267 πολιτων
1602 3193 1744 3266 συν
1737 3193 2020 3323 ὀλίγοις
2042 3193 2314 3286 ἀναιρεῖ

325 3295 586 3384 Γάιος),
622 3300 738 3368 καὶ
760 3294 979 3379 ἄλλως
1004 3277 1337 3388 φοβηθεὶς
1365 3296 1447 3368 τὰ
1490 3301 1644 3388 περὶ
1673 3295 1882 3369 αὑτὸν
1895 3297 2058 3371 διὰ
2055 3296 2147 3369 τὸ
2172 3305 2305 3369 πᾶ-
2343 3324 2395 3364 ao

331 3411 443 3458 σιν
478 3391 718 3481 ὁμοίως
764 3397 884 3472 τὸν
919 3400 1130 3471 Γάιον
1187 3403 1298 3472 ἐπὶ
1348 3402 1649 3472 θανατον
1696 3399 2144 3492 ἀνακειμένην
2178 3404 2302 3472 ἐπ-

332 3493 601 3574 αφιέναι
628 3497 751 3587 τὴν
780 3500 991 3594 ὀργήν
1005 3553 1027 3592 ,
1055 3505 1164 3575 ἐπὶ
1190 3502 1315 3594 τὴν
1342 3507 1716 3596 ἐγχείρησιν
1741 3496 1989 3596 ἦλθεν,
2018 3507 2311 3596 Χαιρέας
