2500 3882
293 169 425 233 ,348
957 153 1606 259 ΑΡΧΑΙΟΛΟΓῙΑΣ

299 341 847 432 ταμανθάνοντες
874 340 997 430 τὴν
1013 344 1273 411 ἑαυτῶν
1298 347 1642 431 σφραγῖδα
1671 338 1794 429 τὴν
1811 339 2055 430 στολὴν
2075 342 2279 431 ἐλάμ-
2342 403 2349 411 .

302 454 533 536 βανον·
568 442 674 514 εἶτ’
696 435 901 527 αυθις
913 451 1029 533 τῆς
1060 447 1290 537 ἑορτῆς
1316 431 1786 535 παρελθούσης
1814 450 1909 526 εἰς
1933 443 2053 513 τὰν
2067 442 2278 515 αὐτὸν

300 556 689 638 κομίσαντες
726 548 933 618 τόπον
968 549 1080 617 καὶ
1121 553 1213 640 τῷ
1258 547 1654 637 φρουράρχῃ
1715 549 2048 647 δείξαντες
2103 549 2278 637 σύμ-

300 679 537 776 φωηνον
561 630 685 739 τ’ἦν
712 654 1053 740 σφραγῖδα
1086 657 1538 720 κατετίθεντο.
1589 655 1799 719 ταῦτα
1834 650 1959 738 μὲν
1985 678 2113 720 ουν
2142 647 2274 719 ὑπὸ

306 761 429 824 τοῦ
459 756 724 833 πάθους
749 761 885 823 τῶν
899 750 1533 843 ἐπισυμβεβηκότων
1545 751 2017 841 παρεδηλώθη·
2046 752 2192 823 τότε
2219 748 2278 823 δ’
2312 785 2337 822 5

207 856 216 861 ’
301 848 430 927 οὖν
458 852 493 926 ὃ
528 863 664 957 τῶν
686 853 1033 925 Ἰουδαίων
1057 854 1373 945 βασιλεὺς
1390 852 1696 944 Ἡρώδης
1733 857 1849 924 καὶ
1875 856 2128 944 ταύτην
2155 854 2280 945 τὴν

181 954 186 959 “
301 966 503 1050 βᾶριν
530 954 955 1048 ὀχυρωτέραν
981 958 1480 1045 κατασκευάσας
1497 954 1603 1027 ἐπ’
1638 954 1972 1050 ἀσφαλεία
1996 961 2110 1028 καὶ
2139 987 2278 1048 φυ-

300 1069 471 1151 λακῇ
498 1089 619 1130 του
656 1067 866 1150 ἱεροῦ,
894 1060 1317 1150 χαριζόμενος
1345 1058 1679 1153 Ἀντωνίω
1710 1067 1887 1153 φίλω
1907 1061 2037 1149 μὲν
2054 1059 2278 1132 αὐτοῦ

293 1161 634 1253 Ῥωμαίων
669 1159 814 1234 §U
772 1192 1041 1254 αρχοντι
1072 1164 1618 1253 προσηγόρευσεν
1636 1160 2020 1233 Ἀντωνίαν.

454 1271 527 1337 ἐν
542 1266 617 1336 δὲ
634 1282 771 1348 τοῖς
789 1269 1364 1357 ἕσπερίοιςμέρεσι
1379 1274 1499 1335 τοῦ
1513 1265 1878 1355 περιβόλου
1895 1266 2102 1336 πύλαι
2131 1270 2280 1338 τέσ-
2316 1296 2362 1336 ιο

300 1396 498 1459 σαρες
524 1373 916 1459 ἐφέστασαν,
943 1366 988 1459 ἢ
1015 1370 1137 1459 μὲν
1155 1376 1249 1450 εἰς
1272 1368 1353 1439 τὰ
1371 1376 1676 1458 βασίλεια
1705 1376 2037 1465 τείνουσα,
2064 1377 2182 1457 τῆς
2207 1374 2282 1439 έν

298 1478 478 1567 μέσω
509 1474 851 1562 φάραγγος
879 1479 973 1553 εἰς
1000 1478 1234 1543 δίοδον
1258 1471 1750 1560 ἀπειλημμένης
1767 1523 1787 1558 ,
1828 1477 1905 1540 αἱ
1929 1472 2004 1541 δὲ
2033 1473 2161 1541 δύο
2188 1479 2282 1552 εἰς

299 1574 373 1645 τὸ
414 1576 844 1665 προάστειον,
899 1573 942 1663 ἡ
970 1575 1166 1663 λοιπὴ
1209 1576 1287 1645 δὲ
1319 1582 1413 1656 εἰς
1456 1574 1580 1663 τὴν
1632 1571 1842 1665 άλλην
1883 1574 2117 1662 πόλιν,
2154 1582 2282 1663 βα-

298 1689 494 1767 θμῖσι
549 1687 825 1758 πολλαῖς
865 1678 1042 1747 κάτω
1080 1705 1151 1746 τε
1181 1682 1333 1759 εἰς
1327 1677 1450 1766 τὴν
1485 1678 1801 1767 φάραγγα
1847 1682 2279 1803 διειλημμένη

296 1783 408 1850 καὶ
438 1778 568 1850 ἀπὸ
598 1781 839 1868 ταύτης
877 1755 1017 1850 άνω
1046 1781 1248 1850 πάλιν
1275 1783 1382 1850 ἐπὶ
1408 1807 1531 1868 την
1564 1780 1955 1870 πρόσβασιν.
1988 1799 2274 1867 αντικρυ
2318 1804 2366 1844 15

297 1882 428 1973 γὰρ
457 1911 498 1972 η
527 1883 719 1964 πόλις
745 1882 957 1954 ἔκειτο
984 1889 1104 1953 τοῦ
1134 1888 1342 1972 ἱεροῦ,
1371 1881 1807 1974 θεατροειδὴς
1832 1905 2018 1971 ουσα,
2048 1908 2277 1972 περιε-

271 1974 543 2077 ιχομένη
572 1993 822 2078 βαθεία
866 1987 1164 2077 φάραγγι
1205 1984 1372 2057 κατὰ
1401 1994 1535 2056 πᾶν
1562 1985 1637 2056 τὸ
1665 1986 1894 2057 νότιον
1924 1993 2142 2075 κλίμα.

370 2123 373 2127 “
435 2089 546 2166 τὸ
568 2090 645 2160 δὲ
689 2092 1003 2181 τέταρτον
1058 2087 1293 2160 αὐτοῦ
1323 2093 1649 2177 μέτωπον,
1696 2088 1772 2158 τὰ
1824 2088 2017 2192 πρὸς
2027 2112 2282 2180 μεσημ-

299 2201 538 2284 βρίαν,
571 2192 703 2282 εἶχε
728 2193 852 2282 μὲν
879 2196 992 2263 καὶ
1018 2191 1184 2263 αὐτὸ
1223 2192 1440 2275 πύλας
1467 2220 1634 2262 κατα
1659 2194 1898 2280 μέσον,
1914 2173 2036 2263 ἐπ’
2070 2191 2282 2264 αὐτοῦ

207 2300 211 2303 ⁴
299 2297 394 2367 δὲ
402 2295 535 2385 τὴν
575 2304 916 2386 βασίλειον
952 2296 1190 2383 στοάν,
1245 2299 1541 2385 τριπλῆν
1581 2294 1751 2364 ’κατὰ
1801 2323 2008 2388 μηκος
2061 2302 2283 2367 διιοῦ-
2314 2327 2364 2367 20

298 2422 461 2469 σαν
484 2395 613 2469 ἀπὸ
671 2407 785 2488 τῆς
837 2398 1004 2493 ἕωας
1058 2399 1402 2488 φάραγγος
1454 2402 1564 2469 ἐπὶ
1615 2395 1741 2485 τὴν
1793 2399 2135 2500 ἑσπέριον·
2192 2425 2276 2470 ου

299 2500 427 2590 γὰρ
482 2492 569 2589 ἦν
628 2504 912 2590 έκβῆναί
964 2503 1395 2589 προσωτέρω
1424 2499 1737 2572 δυνατόν.
1818 2493 2025 2592 ἔργον
2075 2500 2142 2571 δ’
2195 2494 2283 2591 ἦν

301 2599 920 2694 ἀξιαφηγητότατον
941 2631 1077 2673 των
1117 2601 1244 2693 ὑφ’
1278 2601 1485 2699 ἡλίω]
1543 2597 1863 2692 μεγάλου
1907 2602 2039 2696 γαρ
2085 2602 2284 2685 ὄντος
2348 2661 2352 2674 .

299 2713 421 2778 τοῦ
447 2715 564 2798 τῆς
590 2707 936 2800 φάραγγος
958 2704 1422 2833 ἀναλήμματος
1441 2760 1460 2797 ,
1502 2708 1617 2776 καὶ
1654 2702 1807 2776 ουδ’
1842 2703 2130 2778 ἀνεκτοῦ
2156 2736 2284 2778 κα-

255 2873 260 2876 ,
298 2816 512 2881 τιδεῖν
540 2820 609 2900 εἴ
627 2838 726 2893 τις
753 2807 1028 2880 ανωθεν
1052 2816 1147 2891 εἰς
1189 2809 1311 2881 τὸν
1344 2808 1572 2899 βυθὸν
1603 2810 1979 2900 εἰσκύπτοι,
2020 2811 2279 2898 παμμέ-
2318 2838 2372 2877 25

298 2924 499 3005 γεθες
524 2910 698 2996 ὕψος
730 2917 805 2984 ἐν
833 2909 1017 3006 αὐτω
1046 2911 1121 2982 τὸ
1150 2920 1270 3002 τῆς
1296 2937 1496 2993 στοας
1520 2912 1924 3003 ἀνέστηκεν,
1978 2940 2066 2991 ως
2094 2920 2162 2980 εἴ
2181 2937 2281 2990 τις

302 3014 419 3088 ἀπ’
451 3044 666 3106 ακρου
696 3024 817 3086 τοῦ
844 3016 1089 3105 ταύτης
1115 3019 1353 3110 τέγους
1378 3044 1581 3121 αμφω
1612 3017 1955 3096 συντιθεὶς
1980 3041 2060 3082 τα
2094 3012 2281 3102 βάθη

302 3119 647 3245 διοπτεύοι
670 3125 1107 3208 σκοτιδινιᾶν,
1135 3117 1266 3188 οὐκ
1296 3115 1771 3209 ἐξικνουμένης
1796 3123 1912 3205 τ’ῆς
1940 3112 2158 3197 οψεως
2187 3123 2286 3198 εἰς

302 3215 668 3312 ἀμέτρητον
712 3222 833 3292 τὸν
858 3222 1101 3310 βυθόν
1156 3228 1381 3304 κιονες
1409 3220 1478 3293 δ’
1512 3224 1884 3310 ἐφέστασαν
1911 3216 2057 3289 κατ’
2092 3216 2285 3289 ἀντί-

304 3342 566 3408 στοιχον
601 3322 910 3414 αλλήλοις
936 3327 1046 3395 ἐπὶ
1072 3321 1281 3413 μῆκος
1305 3328 1585 3416 τέτραχα
1612 3325 2036 3411 (συνεδέδετο
2077 3321 2242 3447 γάρ
2238 3319 2274 3391 ὁ
2320 3349 2376 3390 30
2454 3313 2455 3370 ]

303 3421 607 3507 τέταρτος
630 3443 922 3519 στοῖχος
972 3417 1403 3522 λιθοδομητω
1444 3432 1712 3516 τείχει),
1768 3429 1884 3497 καὶ
1938 3425 2147 3522 πάχος
2195 3417 2286 3515 ἦν

306 3519 588 3591 ἑκάστου
614 3536 839 3610 κίονος
871 3524 964 3610 ὥς
1001 3544 1179 3620 τρεῖς
1206 3528 1803 3602 ἐπισυναπτόντων
1828 3527 2143 3623 ἀλλήλοις
2169 3527 2287 3612 τὰς
2346 3549 2357 3559 ·
