2500 3882
911 196 1577 303 EKKAIAEKATH]
1635 221 1649 231 “
1921 290 1926 295 ,
2136 222 2214 283 23

204 384 318 452 mxl
378 379 537 467 παρ’
595 375 696 461 οἷς
762 379 916 448 ποτ’
967 377 1053 448 ἀν
1124 380 1559 473 ἀποδημήσας
1612 385 1831 470 τύχοι·
1918 388 2027 454 καὶ
2084 388 2214 473 γ’ἀρ
2244 380 2257 401 ’

204 486 482 560 πλείους
526 484 945 565 λειτουργίας
983 482 1093 548 καὶ
1140 485 1481 568 δημοσίων
1532 488 1752 571 ἔργων
1803 484 2214 571 κατασκευάς

204 582 319 649 καὶ
352 580 651 703 χρήματα
685 593 821 659 τοῖς
864 583 1203 667 δεομένοις
1234 586 1455 669 ἔργοις
1497 589 1590 663 εἰς
1627 586 2032 677 ἐπιτέλειαν,
2076 612 2213 654 των

208 681 557 798 προτέρων
603 679 1121 766 ἐκλελοιπότων,
1205 676 1484 773 ἄφθονα
1552 687 1953 769 χαρίσασθαι
2007 688 2210 767 δοκεῖ.

148 804 181 842 ε
211 776 293 846 τά
355 776 431 846 δὲ
495 778 773 862 μέγιστα
834 780 945 844 καὶ
1018 780 1467 865 διασημότατα
1524 786 1660 847 τῶν
1724 786 2211 868 πεπραγμένων

202 874 421 966 αὐτῷ,
480 872 754 954 Ῥοδίοις
802 872 927 960 μὲν
976 874 1054 942 τό
1092 902 1163 944 τε
1205 876 1485 945 Πύθιον
1527 874 1889 965 ἀνέστησεν
1918 885 2212 961 οἰκείοις

199 971 592 1061 ἀναλώμασι
618 976 728 1041 καὶ
758 976 1087 1059 παρέσχεν
1127 973 1460 1062 ἀργυρίου
1495 977 1707 1057 πολλὰ
1726 977 2017 1046 τάλαντα
2039 977 2209 1064 πρὸς

200 1077 620 1159 ναυπηγίαν,
658 1078 1138 1152 Νικοπολίταις
1174 1075 1250 1140 δε
1293 1086 1432 1154 τοῖς
1469 1070 1581 1141 ἐπ’
1600 1072 1853 1143 Ἀκτίω
1911 1087 2207 1146 κτισθεῖ-

202 1189 319 1239 σιν
350 1168 484 1239 ὑπὸ
529 1177 863 1253 Καίσαρος
906 1168 987 1238 τά
1016 1179 1292 1239 πλεῖστα
1334 1196 1473 1239 των
1507 1176 1844 1259 δημοσίων
1880 1194 2207 1259 συγκατε-
2324 1232 2335 1249 ,

13 1308 16 1313 -
99 1299 160 1338 ιο
204 1268 568 1356 σκεύασεν,
593 1265 1002 1353 Ἀντιοχεῦσι
1033 1269 1106 1336 δὲ
1129 1283 1269 1349 τοῖς
1298 1272 1373 1336 έν
1396 1276 1621 1360 Συρία
1663 1277 1979 1358 μεγίστην
2003 1274 2206 1340 πόλιν

193 1372 542 1456 οἰκοῦσιν,
606 1394 648 1455 η
684 1365 851 1435 κατά
897 1393 1106 1454 μηκος
1152 1371 1376 1456 τέμνει
1422 1377 1728 1457 πλατεια,
1776 1371 2033 1456 Ιταύτην
2077 1397 2204 1438 av·-

193 1465 328 1554 τὴν
361 1480 581 1547 στοαῖς
601 1491 736 1554 παρ
749 1464 1106 1553 ’ἑκάτερα,
1144 1471 1255 1534 καὶ
1282 1472 1455 1560 λίθω
1496 1467 1629 1557 τὴν
1665 1467 2014 1554 ὕπαιθρον
2036 1465 2211 1535 ὁδὸν

193 1572 410 1656 ξεστῷ
439 1568 951 1654 καταστορέσας,
997 1574 1312 1635 πλεῖστον
1357 1573 1450 1648 εἰς
1483 1568 1746 1655 κόσμον
1758 1570 1870 1635 καὶ
1913 1564 2036 1653 τὴν
2066 1572 2203 1635 ταῖν

178 1665 574 1735 οἰκούντων
602 1662 1021 1783 uevxontnlav
1057 1663 1424 1754 ωφέλησεν.
1512 1669 1635 1735 τόν
1668 1693 1744 1753 γε
1786 1694 1919 1769 μην
1959 1664 2202 1754 Ὀλυμ-

88 1797 146 1838 15
192 1771 431 1835 πίασιν
487 1761 715 1850 ἀγωνα
765 1762 951 1832 πολὺ
980 1771 1097 1851 τῆς
1134 1773 1580 1855 προσηγορίας
1626 1760 2027 1852 ἀδοξότερον
2058 1762 2194 1833 ὑπ’

145 1862 603 1954 ἀχρηματίας
631 1864 1184 1984 διατεθειμένον,
1242 1865 1655 1953 τιμιώτερον
1688 1868 1897 1933 ἐποίει
1942 1866 2202 1962 χρημά-
2303 1866 2307 1876 ’

191 1967 331 2030 των
365 1962 749 2051 προσόδους
791 1961 1236 2050 καταστήσας,
1282 1965 1393 2032 καὶ
1457 1964 1626 2049 πρός
1669 1989 1742 2032 τε
1793 1953 2041 2043 θυσίας
2089 1966 2201 2032 καὶ

167 2059 316 2131 τὸν
369 2060 602 2131 ἀλλον
625 2062 883 2182 κόσμον
920 2065 1398 2148 ἐσεμνοποίησε
1440 2061 1565 2149 τὴν
1609 2062 2011 2150 πανήγυριν.
2090 2061 2202 2130 διά

187 2159 300 2249 δη
323 2159 577 2247 ταύτην
621 2159 746 2247 τὴν
779 2155 1165 2249 φιλοτιμίαν
1215 2159 1530 2247 διηνεκὴς
1571 2158 1998 2247 ἀγωνοθέτης
2020 2162 2225 2252 παράχ

82 2274 349 2350 ποτοῖς
369 2256 762 2339 πλείστοις’
724 2261 1094 2346 ανεγράφη.

360 2368 500 2437 τοῖς
534 2355 660 2443 μὲν
705 2349 834 2425 ουν
877 2356 1105 2437 ἄλλοις
1151 2359 1492 2445 ἐπέρχεται
1533 2322 1904 2485 θαυμάζειν
1945 2359 2019 2427 τὰ
2055 2361 2262 2426 διε-4

185 2454 352 2537 στὰς
376 2461 493 2543 τῆς
515 2460 589 2524 ἐν
611 2462 694 2545 τῇ
715 2456 918 2542 φυσει
943 2462 1410 2545 προαιρεσεως.
1475 2454 1638 2533 όταν
1661 2458 1784 2544 μεν
1807 2455 1935 2544 γάρ
1967 2463 2060 2537 εἰς
2081 2458 2198 2536 τὰς

13 2555 24 2564 ’
140 2611 150 2620 .
190 2562 571 2641 φιλοτιμίας
613 2556 725 2623 καὶ
758 2554 875 2636 τὰς
926 2553 1310 2645 εὐεργεσίας
1355 2554 1696 2644 ἀπίδωμεν
1739 2550 1841 2636 αἶς
1886 2560 2196 2641 ἐκέχρητο

13 2677 16 2742 ᾗ,
192 2650 373 2738 πρός
411 2650 698 2733 ἅπαντας
730 2650 1176 2741 ἀνθρώπους,
1219 2651 1555 2724 οὐκαέστιν
1578 2651 1762 2733 ὅπως
1792 2653 1965 2739 [οὐκ]
1993 2649 2080 2720 ἀν
2100 2677 2199 2731 τις
2294 2669 2307 2682 “

13 2747 16 2850 ff
77 2787 143 2830 m
190 2747 430 2821 αὖτόνκ>
449 2755 556 2821 καὶ
596 2758 735 2820 τῶν
778 2756 1053 2820 ἔλαττον
1087 2751 1541 2840 τετιμηκότων
1563 2749 1835 2838 ἠρνήθη
1867 2750 1956 2837 μὴ
1985 2757 2197 2818 συνο-’

179 2861 507 2942 μολογεῖν
535 2850 1096 2941 εὐεργετικωτάτῃ
1122 2859 1491 2939 κεχρῆσθαι
1538 2858 1620 2939 τῇ
1658 2851 1897 2936 φύσει·
1935 2848 2098 2917 ὅταν
2120 2851 2196 2917 δὲ
2232 2927 2239 2930 ,

183 2958 283 3044 εἰς
318 2949 436 3031 τάς
471 2957 789 3038 τιμωρίας
813 2952 924 3018 καὶ
957 2949 1216 3032 ἀδικίας
1238 2948 1318 3032 ἃς
1354 2956 1446 3030 εἰς
1467 2947 1628 3030 τοὺς
1651 2947 2062 3037 ἀρχομένους
2083 2953 2207 3016 καὶ.

187 3048 349 3130 τούς
397 3041 847 3129 οἰκειοτάτους
891 3051 1267 3130 ἐπεδείξατο
1312 3053 1524 3137 βλέψῃ
1556 3075 1654 3129 τις
1688 3052 1817 3117 καὶ.
1842 3048 2198 3138 καταμάθῃ

188 3146 262 3216 τὸ
286 3144 585 3234 σκληρὰν
617 3150 730 3215 καὶ
753 3146 826 3236 τὸ
853 3152 1392 3234 δυσπαραίτητον
1426 3153 1548 3214 τοῦ
1571 3148 1860 3234 τρόπου,
1905 3149 2195 3236 νικηθή-

79 3272 146 3315 ³⁰
184 3265 373 3318 σεται
395 3246 709 3334 θηριώδη
733 3251 961 3315 δοκεῖν
982 3249 1091 3316 καὶ
1114 3247 1329 3333 πάσης
1352 3247 1774 3334 μετριότητος
1804 3243 2158 3334 ἀλλότριον
2174 3279 2205 3320 ·,

179 3352 398 3416 ἔνθεν
427 3348 540 3414 καὶ
566 3346 904 3436 διάφορόν
940 3374 1091 3416 τινα
1133 3348 1253 3415 καὶ.ἱ
1278 3352 1658 3435 μαχομένην
1693 3342 1799 3413 ἐπ’
1848 3343 2029 3438 αὐτῷ
2073 3375 2193 3417 νο-

179 3450 452 3533 μίζουσι
496 3447 816 3531 γενέσθαι
858 3443 982 3533 τὴν
1015 3452 1426 3535 προαίρεσιν.
1514 3442 1642 3531 ἐγω
1701 3441 1766 3512 δ’
1812 3441 1942 3532 οὐχ
1979 3443 2194 3524 οὕτως
