2500 3882
134 251 137 256 ,
213 271 217 280 ‚
242 200 360 262 172
608 158 620 164 ’
907 200 1554 260 ΑΡΧΑΙοΛοΓΙΑΣ

239 376 520 464 ξανδρος
538 339 902 460 ἐπέτρεψεν
931 378 1365 459 οἰκοδομῆσαι
1385 305 1863 498 Σαναβαλλέτῃ
1890 375 1985 463 τῷ
2017 390 2222 496 στρα-

241 482 420 567 τηγῷ
460 473 575 544 διὰ
616 473 735 544 τὸν
773 478 1076 564 γαμβρὸν
1104 481 1487 562 Μανασσῆν
1524 471 1643 544 τόν
1661 470 1920 562 Ἰάδδρυ
1948 480 2070 542 τοῦ
2099 468 2223 561 ἄρ·-

206 579 529 665 ιχιερέως
518 567 858 665 ἀδελφόν,
890 606 978 658 ως
1006 579 1118 645 καὶ
1145 576 1477 665 πρότερον
1507 576 1996 700 δεδηλώκαμεν.
2051 598 2223 645 συν-

240 683 364 769 έβη
392 680 467 749 δὲ
494 679 612 750 τὸν
646 678 814 751 ναὸν
834 686 1083 749 τοῦτον
1111 686 1365 768 ἔρημον
1386 684 1709 768 γενέσθαι
1735 677 1902 769 μετα
1927 686 2038 768 ἔτη
2069 684 2220 747 δια-

240 783 454 853 κόσια.
526 779 841 870 Ὑρκανὸς
900 782 976 851 δὲ
1034 784 1146 851 καὶ
1185 789 1301 870 τῆς
1338 779 1712 871 Ἰδουμαίας
1764 788 1946 870 αἱρεῖ
1996 781 2222 878 πόλεις
2256 816 2284 858 5

221 881 493 973 ’Ἄδωρα
532 887 645 954 καὶ
688 884 1085 973 Μάρισσαν,
1126 886 1240 954 καὶ
1283 880 1577 967 ἅπαντας
1617 884 1775 967 τούς
1810 882 2225 972 Ἰδουμαίους

241 984 670 1074 ὑποχειρίους
708 988 1151 1076 ποιησάμενος
1193 990 1555 1075 ἐπέτρεψεν
1595 985 1822 1069 αὐτοῖς
1873 989 2103 1076 μένειν
2150 989 2225 1056 ἐν

240 1096 322 1179 τῇ
349 1089 567 1181 χώρα,
601 1096 663 1159 εἰ
685 1092 1106 1179 περιτέμνειν
1132 1117 1203 1160 τε
1231 1089 1313 1159 τὰ
1340 1096 1560 1160 αἰδοῖα
1587 1092 1699 1159 καὶ
1728 1107 1863 1172 τοῖς
1882 1088 2226 1159 Ἰουδαίων

242 1193 549 1280 νομίμοις
592 1200 884 1281 χρῆσθαι
920 1196 1210 1263 θέλοιεν.
1303 1202 1373 1263 οἳ
1405 1193 1481 1263 δὲ
1530 1192 1727 1285 πόθῳ
1772 1200 1887 1283 τῆς
1938 1199 2225 1280 πατρίου

243 1302 365 1383 γῆς
391 1297 504 1365 καὶ
530 1294 655 1384 τὴν
680 1295 1044 1385 περιτομὴν
1071 1298 1183 1366 καὶ
1222 1287 1348 1384 τὴν
1382 1293 1591 1385 ἄλλην
1621 1303 1744 1366 τοῦ
1770 1304 1928 1386 βιόυ
1958 1300 2224 1364 δίαιταν
2266 1329 2316 1371 ιο

140 1417 145 1424 “
243 1394 614 1488 ὑπέμειναν
641 1397 763 1487 τὴν
791 1396 1003 1487 αὐτὴν
1023 1396 1370 1488 Ἰουδαίοις
1408 1398 1838 1488 ποιήσασθαι.
1920 1395 2228 1479 κάκεῖνος

246 1499 476 1582 αὐτοῖς
511 1502 749 1589 χρόνος
773 1492 976 1591 ἦρχεν
1017 1499 1185 1571 ὥστε
1228 1502 1402 1576 εἶναι
1458 1500 1533 1571 τὸ
1581 1502 1819 1573 λοιπὸν
1852 1501 2224 1581 Ἰουδαίοις.

181 1621 217 1672 2
391 1599 707 1691 Ὑρκανὸς
742 1604 818 1673 δὲ·
859 1600 894 1674 6
936 1601 1287 1692 ἀρχιερεὺς
1329 1601 1843 1692 ἀνανεώσασθαι
1890 1603 2016 1692 τὴν
2060 1601 2227 1690 πρὸς

237 1700 597 1792 Ῥωμαίους
665 1712 900 1796 φιλίαν
979 1708 1390 1796 βουλόμενος
1452 1709 1694 1796 πέμπει
1752 1699 1918 1796 πρὸς
1976 1703 2227 1786 αὐτοὺς

246 1814 629 1895 πρεσβείαν.
708 1809 821 1877 καὶ
867 1805 910 1897 ἡ
949 1809 1319 1898 σύγκλητος
1346 1812 1670 1899 δεξαμένη
1704 1835 1785 1879 τα
1812 1806 1972 1899 παρ’
2009 1806 2221 1878 αὐτου
2262 1834 2313 1875 ιε»

235 1910 614 2000 γράμματα,
650 1927 933 1982 ποιεῖται
954 1910 1119 2003 πρὸς
1137 1909 1350 1983 αὐτὸν
1370 1921 1607 2001 φιλίαν
1624 1912 1840 2005 τούτῳ
1860 1918 1951 2005 τῷ
1978 1910 2224 2005 τρόπῳ.

152 2016 157 2019 ’
235 2009 531 2108 “.Φάνιος
549 2014 845 2102 Μάρκου
870 2014 1016 2096 υίὸς
1043 2014 1408 2104 στρατηγὸς
1435 2014 1694 2105 βουλὴν
1727 2015 2066 2104 συνήγαγε
2094 2013 2224 2105 πρὸ

244 2113 419 2186 ὀκτώ
452 2123 652 2187 εἰδῶν
683 2125 1168 2208 Φεβρουαρίων
1207 2123 1283 2189 ἐν
1322 2125 1652 2210 Κομιτίῳ,
1691 2117 2018 2203 παρόντος
2042 2125 2228 2188 Λου-

247 2227 402 2289 κίου
430 2228 750 2290 .Μαννίου
778 2229 1075 2292 Λουκίου
1104 2227 1260 2292 υἱοῦ
1288 2228 1629 2309 Μεντινᾶ,
1662 2224 1774 2290 καὶ
1801 2228 2015 2290 Γαΐου
2042 2229 2228 2309 Σεμ-

246 2329 548 2411 πρωνίου
574 2331 917 2400 Πενναίου
945 2329 1102 2394 υἱοῦ
1130 2331 1475 2414 Φαλερνᾶ,
1514 2327 1669 2413 περὶ
1695 2315 1794 2393 ὧν
1821 2325 2224 2413 ἐπρέσβευσε
2260 2353 2316 2396 20

246 2430 486 2511 Σίμων
538 2428 884 2495 Δοσιθέου
951 2428 1064 2495 καὶ
1122 2424 1566 2507 Ἀπολλώνιος
1622 2424 2061 2513 Ἀλεξάνδρου
2115 2428 2228 2496 καὶ

245 2525 596 2614 Διόδωρος
618 2523 922 2615 Ἰάσονος,
952 2525 1197 2616 ανδρες
1224 2531 1416 2598 καλοὶ
1443 2527 1772 2618 κάγαθοί,
1805 2531 2228 2618 πεμφθέντες

245 2623 380 2698 υπὸ
411 2628 629 2717 δήμου
662 2636 797 2699 τῶν
818 2627 1193 2721 Ἰουδαίων,
1223 2640 1293 2702 οἳ
1313 2634 1427 2701 καὶ
1450 2636 1895 2721 διελέχθησαν
1925 2634 2081 2729 περὶ
2108 2660 2228 2721 φιν

248 2738 393 2814 λίας
418 2737 533 2820 τῆς
573 2729 1001 2839 υπαρχούσης
1036 2762 1299 2816 τουτοις
1346 2737 1459 2804 καὶ
1486 2744 1859 2824 συμμαχίας
1888 2735 2053 2826 πρὸς
2070 2732 2226 2804 Ρω-

246 2842 486 2923 μαίους
529 2839 643 2906 καὶ
685 2864 820 2906 των
860 2843 1200 2926 δημοσίων
1236 2837 1674 2927 πραγμάτων,
1716 2865 1897 2920 οπως
1938 2866 2010 2907 τε
2040 2835 2225 2926 Ἰόπη
2263 2872 2321 2913 25

244 2940 364 3008 καὶ
388 2942 651 3027 λιμένες
682 2942 792 3010 καὶ
820 2941 1082 3029 Γάζαρα
1115 2942 1226 3010 καὶ
1260 2949 1488 3030 πηγαί,
1522 2943 1636 3011 καὶ
1663 2937 1822 3022 ὅσας
1851 2941 2077 3023 πόλεις
2101 2937 2234 3010 αὖ·-

247 3048 384 3111 τιόν
412 3039 618 3124 ἄλλας
658 3044 769 3112 καὶ
797 3050 1008 3131 χωρία
1058 3052 1369 3133 πολεμῶν
1410 3051 1651 3133 ἔλαβεν
1683 3041 2017 3132 Ἀντίοχος
2052 3042 2237 3133 παρὰ

248 3140 322 3208 τὸ
350 3152 465 3231 τῆς
494 3145 874 3241 συγκλήτου
903 3145 1150 3234 δόγμα,
1192 3153 1406 3215 ταῦτα
1429 3144 2052 3237 ἀποκατασταθῇ,”
2021 3175 2132 3215 ινα
2160 3173 2236 3216 τε

76 3252 79 3261 “
147 3305 155 3326 ,
218 3255 388 3319 τοῖς
417 3248 846 3367 στρατιώταις
888 3263 1026 3328 τοῖς
1067 3255 1438 3336 βασιλικοῖς
1470 3247 1559 3337 μὴ
1587 3253 1697 3340 ἐξῇ
1727 3248 1840 3319 διὰ
1865 3256 1981 3345 τῆς
2013 3248 2246 3339 χώρας

250 3345 367 3424 τῆς
406 3341 632 3416 αὐτῶν
675 3352 787 3419 καὶ
828 3357 965 3419 τῶν
1003 3346 1327 3439 υπηκόων
1366 3349 1594 3422 αὐτῶν
1638 3355 2057 3441 διέρχεσθαι,
2112 3353 2229 3422 καὶ
2271 3380 2330 3423 ³⁰

250 3464 433 3518 Οπως
487 3442 566 3510 τὰ
623 3476 789 3520 κατα
841 3452 961 3521 τὸν
1002 3453 1295 3543 πόλεμον
1322 3457 1586 3525 ἐκεῖνον
1623 3458 2061 3545 ψηφισθέντα
2103 3451 2229 3526 ὑπ’

243 3534 585 3627 Ἀντιόχου
626 3575 804 3637 παρα
847 3552 921 3622 τὸ
961 3561 1103 3642 τῆς
1119 3558 1499 3647 συγκλήτου
1541 3555 1827 3650 δόγμα”
1785 3586 2003 3652 ακυρα
2031 3558 2236 3650 γένη-
