2500 3882
1080 174 1294 233 ΒΙοΣ
1820 187 1831 194 ·
2056 177 2172 262 322

183 342 249 417 δ’
280 349 544 430 ἐκείνου
568 343 827 436 χάρακα
868 342 999 434 πρὸ
1033 350 1150 435 τῆς
1175 348 1622 435 Πτολεμαέων
1647 346 1934 435 πόλεως,
1981 357 2169 421 τίθε-
2264 343 2269 367 ’

160 478 301 540 ,μαι
326 447 510 538 κάγῶ
552 448 1038 539 στρατόπεδον,
1085 453 1203 537 τῆς
1229 447 1452 539 κώμης
1478 447 1640 521 ὅσον
1668 449 1984 541 ἑξήκοντα
2009 474 2167 522 στα-

183 558 371 634 δίους
398 550 729 640 ἀποσχών.
785 551 1101 633 πολλάκις
1129 552 1256 639 μὲν
1282 546 1417 642 ἱοὖν
1450 550 1567 634 τὰς
1602 554 1922 645 δυνάμεις
1958 581 2166 645 προη-

181 652 475 744 γάγομεν
518 652 607 736 ῶς
647 660 741 737 είς
775 653 1024 744 μάχην,
1083 659 1288 725 πλέον
1316 653 1381 726 δ’
1419 654 1624 727 οὐδὲν
1661 645 2170 748 ἀκροβολισμῶν

118 783 148 825 ε
182 759 592 848 ἐπράξαμεν·
638 754 676 828 ὅ
717 755 854 848 γὰρ
874 757 1211 839 Πλάκιδος
1253 756 1403 854 ὅσῳ·
1436 785 1562 850 περ
1603 764 1927 847 ἐγίνωσκε
1957 761 2164 832 σπεύ-
2216 767 2221 784 ’
2323 749 2331 768 ’

182 862 387 933 δοντά
414 888 495 951 με
524 858 686 951 πρὸς
713 859 950 950 μάχην,
980 858 1187 942 αύτός·
1202 862 1815 952 καταπληττόμενος
1844 860 2166 935 ὑπεστέλ-

179 974 351 1035 λετο.
401 970 516 1054 τῆς
545 966 772 1053 μέντοι
796 971 1256 1054 Πτολεμαΐδος
1279 962 1404 1034 οὐκ
1432 961 1787 1057 ἐχωρίζετο.

334 1095 501 1138 κατα
539 1072 777 1137 τοῦτον
832 1067 907 1136 δὲ
947 1065 1068 1139 τὸν
1119 1064 1358 1157 καιρὸν
1403 1066 1805 1159 ἀφικόμενος
1841 1068 2164 1170 Ἰωνάθης
2200 1082 2271 1136 44

180 1168 347 1262 μετὰ
372 1177 509 1240 τῶν
535 1161 1095 1259 συμπρέσβεων
1039 1199 1138 1240 ων
1155 1177 1415 1260 ἔφαμεν
1440 1174 1513 1240 ἐκ
1536 1178 1673 1243 τῶν
1690 1169 2201 1263 Ἱεροσολύμων

97 1308 149 1348 ιο
183 1271 318 1346 ὑπο
342 1279 483 1354 τῶν
507 1275 661 1363 περὶ
686 1281 969 1363 Σίμωνα
998 1270 1153 1342 καὶ”
1136 1273 1413 1345 Ανανον
1433 1273 1551 1344 τὸν
1576 1272 1886 1365 ἀρχιερέα
1910 1280 2165 1374 πεπέμ-

181 1389 381 1467 φθαι,
410 1384 644 1464 λαβεῖν
670 1404 751 1465 με
778 1373 859 1446 δι’
891 1379 1165 1465 ἐνέδρας
1191 1376 1670 1465 ἐπεβούλευεν·
1700 1385 2012 1468 φανερῶς
2038 1377 2167 1468 γὰρ

182 1485 543 1569 ἐπιχειρεῖν
560 1475 686 1548 οὐκ
704 1476 963 1569 ἐτόλμα.
999 1479 1245 1569 γράφει
1273 1480 1349 1550 δὲ
1378 1480 1544 1569 πρός
1569 1493 1653 1570 με
1675 1479 1993 1570 τοιαύτην
2020 1484 2166 1551 ἐπι-

178 1578 535 1672 στολήν.
537 1577 879 1672 Ἰωνάθης
914 1585 1027 1653 καὶ
1068 1588 1137 1653 οἰ
1170 1581 1300 1652 σὺν
1341 1581 1525 1678 αὐτῷ
1567 1587 1992 1673 πεμφθέντες
2033 1580 2168 1654 ὑπὸ

179 1692 318 1757 τῶν
336 1682 879 1775 Ἱεροσολυμιτῶν
908 1684 1201 1780 Ἰωσήπῳ
1224 1693 1505 1775 χαίρειν.
1551 1683 1738 1777 ἡμεῖς
1761 1683 1896 1757 ὑπὸ
1928 1691 2066 1757 τῶν
2093 1689 2168 1757 ἐν

94 1818 146 1860 15
173 1786 650 1880 Ἱεροσολύμοις
688 1788 1006 1879 πρῶτων,
1041 1786 1474 1860 ἀκουσάντων
1501 1788 1621 1860 τὸν
1662 1788 1794 1860 ἀπὸ
1820 1790 2169 1879 Γισχάλων

169 1891 490 1981 Ἰωάννην
531 1894 1165 1981 ἐπιβεβουλευκέναι
1196 1913 1301 1963 σοι
1331 1893 1680 1980 πολλάκις,
1722 1895 2169 1983 ἐπέμφθημεν

182 1995 651 2084 ἐπιπλήξοντες
676 1991 859 2087 αὐτῷ
886 1996 998 2062 καὶ
1016 1998 1529 2083 παραινέσοντες
1558 2003 1652 2077 εἰς
1675 1993 1752 2070 τὸ
1773 1995 2009 2067 λοιπὸν
2031 1992 2164 2067 ὑπ-

181 2096 457 2169 ακούειν
492 2116 619 2166 σοι.
693 2094 1192 2191 βουλεύσασθαι
1235 2094 1322 2185 δὴ
1360 2097 1493 2167 σὺν
1526 2101 1631 2169 σοὶ
1667 2102 1984 2180 θέλοντες
2011 2102 2169 2225 περὶ

180 2207 319 2271 τῶν
344 2204 537 2289 κοινῇ
561 2201 933 2325 πρακτέων,
959 2198 1551 2289 παρακαλοῦμεν“
1507 2229 1702 2290 ηκειν
1724 2207 1976 2277 θᾶττον
2002 2200 2168 2292 πρὸς

89 2336 149 2378 2⁰
180 2300 350 2395 ἡμᾶς
366 2355 387 2392 ,
428 2305 538 2374 καὶ
562 2331 653 2392 μη
678 2326 842 2392 μετα
867 2307 1170 2372 πολλῶν·
1221 2297 1384 2372 οὐδὲ
1420 2331 1550 2393 γαρ
1587 2301 1629 2395 ἡ
1667 2305 1858 2394 κώμη
1897 2303 2159 2375 δύναιτ’

179 2435 266 2477 αν
302 2411 727 2497 στρατιωτῶν
763 2409 1024 2495 πλῆθος
1048 2401 1568 2488 ὑπὸδέξασθαι.”
1624 2413 1833 2479 ταῦτα
1866 2395 1932 2478 δ’
1966 2415 2162 2498 ἔγρα-

180 2538 320 2600 φον
353 2513 854 2602 προσδοκῶντες
892 2515 1091 2579 δυοῖν
1114 2506 1412 2598 θάτερον
1423 2563 1443 2598 ,
1487 2504 1530 2599 ἢ
1573 2538 1673 2579 οτι
1700 2511 1899 2601 χωρὶς
1940 2508 2166 2582 ὅπλων
2270 2572 2280 2582 .

179 2610 591 2702 ἀφικόμενον
615 2611 780 2703 πρὸς
804 2606 1050 2693 αυτους
1076 2615 1342 2695 ἕξουσιν
1362 2608 1850 2703 υποχείριον,’“
1810 2644 1852 2703 η
1878 2614 2165 2696 πολλους

182 2715 595 2805 ἐπαγόμενον
619 2720 927 2805 κρινοῦσι
958 2718 1295 2804 πολέμιον.
1353 2707 1475 2806 ἧκε
1504 2720 1585 2789 δέ
1606 2744 1716 2806 μοι
1745 2714 1871 2806 τὴν
1897 2721 2158 2787 ἐπιστο·

67 2806 143 2890 ,εἷς
178 2815 306 2909 λὴν
323 2815 574 2899 ’ἱππεὺς
598 2825 915 2908 κομίζων,
956 2816 1220 2909 θρασὺς
1257 2817 1475 2901 ἄλλως
1503 2827 1775 2901 νεανίας
1806 2822 1942 2890 τῶν
1983 2819 2183 2909 παρὰ,

125 2958 132 2967 ·
174 2931 441 3013 βασιλεῖ
479 2922 636 2992 ποτὲ
651 2954 656 2959 ·
674 2923 1300 3011 στρατευσαμένων·
1357 2914 1447 3012 ἦν
1488 2920 1556 2993 δ’
1587 2921 1728 3013 ῶρα
1761 2921 2003 3003 νυκτὸς
2030 2921 2162 3013 ἤδη

41 3082 62 3091 -
175 3029 490 3118 δευτέρα,
531 3022 691 3094 καθ’
722 3022 810 3114 ἣν
845 3029 1212 3113 ἐτύγχανον
1247 3024 1455 3152 μετάτ
1449 3031 1585 3097 τῶν
1602 3033 1849 3115 ,φίλων
1873 3028 1987 3099 καὶ
2025 3030 2164 3095 τῶν

174 3136 536 3211 Γαλιλαίας
575 3155 861 3219 πρωτων
894 3128 1305 3218 εστιῶμενος.
1372 3120 1566 3210 οὗτος
1602 3129 1716 3219 δή,
1759 3136 2181 3219 προσαγγεί-ι
2263 3119 2267 3131 ’

175 3243 409 3316 λαντος
435 3234 699 3304 οἰκέτου
726 3259 838 3322 μοι
863 3260 1055 3322 ηκειν
1078 3229 1230 3302 τινὰ
1258 3235 1462 3302 ίππέα
1492 3229 1846 3317 Ἰουδαῖον,
1892 3236 2181 3321 εἰσκλη-

25 3404 34 3413 ,
88 3362 148 3407 ao
179 3338 327 3418 θεὶς
353 3326 513 3426 ἐμοῦ
544 3335 983 3418 κελεύσαντος
1006 3326 1346 3425 ἠσπάσατο
1372 3335 1498 3423 μὲν
1524 3333 1671 3406 οὐδ’
1698 3332 1906 3421 ολως,
1933 3333 2057 3425 τὴν
2085 3338 2160 3407 δὲ
2284 3394 2293 3401 ,

177 3438 532 3530 ἐπιστολην
569 3435 986 3532 προτείνας’*
993 3435 1265 3527 ταύτην’
1269 3434 1574 3507 ἐἷπεν“
1575 3434 1669 3508 οἰ
1709 3440 1775 3523 ἐξ
1796 3433 2160 3530 Ιεροσολύ-

175 3568 327 3634 μων
365 3569 636 3631 ηκοντες
660 3542 1059 3633 πεπόμφασί
1093 3562 1230 3612 σοι.·
1255 3538 1475 3631 γράφε
1503 3540 1588 3631 δὴ
1615 3542 1885 3634 τάχιστα
1907 3544 2020 3613 καὶ
2042 3539 2166 3609 σύτ
2252 3536 2257 3545 ’

279 3676 535 3721 Iosm’n.
563 3680 648 3725 ιν.
1779 3660 1852 3722 21
