2500 3882
277 117 400 180 324
1084 85 1519 204 ΙΩΣΗΠΟΥ,

280 291 463 381 βόων
487 287 745 363 αὐτῶν
805 297 872 360 οἳ
906 289 980 360 δὲ
1006 286 1132 380 τὴν
1170 286 1384 414 ὀργὴν
1419 286 1644 361 οὐκέτι
1682 283 2120 376 κατασχόντες
2161 312 2281 355 κε·-

284 394 558 465 λεύουσι
567 409 724 492 ,τοῖς
766 390 911 483 μετ’
951 390 1173 463 αὐτῶν
1210 388 1512 475 ὁπλίταις
1544 392 1822 464 τύπτειν
1860 388 2082 474 ξύλοις
2119 386 2287 468 τούς

285 502 773 587 καταβοωντας.
827 523 994 567 κατα
1029 496 1307 585 Γάβαρα
1350 497 1426 568 δὲ
1452 500 1877 585 γενομένους
1889 490 2287 575 ὑπαντιάζει

287 628 450 692 μετα
478 608 864 691 τρισχιλίων
900 595 1193 670 ὁπλιτῶν
1214 597 1546 689 Ἰωάννης.
1605 597 1737 687 ἐγω
1774 596 1840 669 δ’
1873 601 1947 667 ἐκ
1985 601 2102 685 τῆς
2130 598 2282 665 ἐπι-

287 709 526 793 στολῆς
565 701 695 794 ἤδη
733 699 1045 784 συνεὶς”
1008 730 1108 773 οτι
1151 704 1557 790 διεγνωκασι
1601 702 1768 792 πρός
1812 728 1894 790 με
1934 709 2283 787 πολεμεῖν,
2320 729 2348 771 ε
2386 699 2392 708 ’

288 805 578 888 ἀναστὰς
603 804 735 876 ἀπὸ
760 803 1061 894 Χαβωλῶ
1103 804 1269 893 μετὰ
1295 813 1680 895 τρισχιλίων
1705 801 2029 889 ὁπλιτῶν,
2071 829 2285 871 κατα-

289 908 507 982 λιπων
550 913 625 980 ἐν
666 913 759 1003 τῷ
797 911 1225 1003 στρατοπέδω
1264 907 1384 979 τὸν
1420 909 1815 980 πιστότατον
1856 912 1996 977 τῶν
2035 913 2288 993 φίλων,

290 1021 387 1095 εἰς
417 1010 771 1082 Ἰωτάπατα
799 1010 1296 1102 παρεγενόμην,
1336 1019 1620 1101 πλησίον
1655 1009 1883 1081 αὐτῶν
1913 1009 2095 1080 εἶναι’
2115 1016 2286 1096 βου-

290 1116 566 1205 λόμενος
602 1111 762 1185 ὅσον
801 1112 931 1185 ἀπὸ
971 1115 1465 1205 τεσσαράκοντα
1505 1120 1826 1186 σταδίων·
1882 1115 1996 1183 καὶ
2038 1111 2288 1200 γράφω

255 1281 262 1288 .
291 1218 454 1310 πρὸς
489 1216 732 1298 αὐτοὺς
770 1218 951 1290 τάδε.
1022 1213 1133 1289 “εί
1180 1219 1444 1300 πάντως
1481 1245 1564 1308 με
1607 1216 1774 1306 πρὸς
1824 1210 1998 1306 ὑμᾶς
2048 1219 2289 1285 ἐλθεῖν
2327 1243 2377 1283 ιο

294 1323 661 1413 βούλεσθε,
705 1322 1036 1392 διακόσιαι
1074 1324 1187 1392 καὶ
1211 1324 1528 1411 τέσσαρες
1565 1319 1732 1394 κατὰ
1762 1319 1885 1411 τὴν
1915 1325 2292 1391 Γαλιλαίαν

297 1429 428 1498 εἰσὶ
455 1424 680 1507 πόλεις
720 1428 833 1495 καὶ
870 1448 1122 1514 κωμαι·
1167 1424 1433 1495 τούτων
1473 1431 1567 1506 εἰς
1604 1421 1738 1515 ἣν
1716 1423 2039 1513 θελήσετε
2066 1448 2287 1510 παρα-

295 1530 657 1618 γενήσομαι
695 1529 899 1618 χωρὶς
940 1527 1273 1617 Γαβάρων
1304 1530 1424 1597 καὶ
1466 1528 1846 1616 Γισχάλων·
1908 1523 1952 1615 ἢ
1991 1526 2119 1652 μὲν
2159 1521 2292 1613 γὰρ

298 1639 534 1720 πατρίς
565 1633 747 1699 ἐστιν
766 1627 1112 1714 Ἰωάννου,
1142 1627 1187 1717 ἢ
1213 1631 1290 1699 δε
1316 1629 1661 1719 σύμμαχος
1681 1630 1796 1699 καὶ
1823 1626 2042 1718 φίλη.”

108 1764 114 1770 ·
195 1760 266 1817 46
444 1739 653 1804 ταῦτα
680 1759 763 1801 τα
800 1731 1150 1821 γράμματα
1178 1729 1499 1820 λαβόντες
1524 1738 1594 1802 οἰ
1615 1735 1770 1823 περὶ
1807 1731 1925 1803 τὸν
1957 1730 2291 1820 Ἰωνάθην
2325 1752 2368 1794 1⁵

298 1834 522 1908 οὐκέτι
561 1834 684 1925 μὲν
735 1831 1299 1925 ἀντιγράφουσιν,
1354 1838 1715 1925 συνέδρων
1763 1836 1836 1906 δὲ
1893 1865 2032 1906 των
2068 1842 2296 1924 φίλων

299 1939 740 2021 καθιστάντες
778 1943 890 2010 καὶ
927 1936 1047 2011 τὸν
1081 1936 1402 2030 Ἰωάννην
1427 1939 1928 2031 παραλαβόντες
1966 1936 2292 2028 ἐβουλεύ-

301 2072 457 2118 οντο
497 2051 650 2115 τίνα
687 2044 939 2134 τρόπον
976 2044 1444 2134 ἐπιχειρησωσί
1480 2071 1647 2132 μοι..
1684 2046 1795 2114 καὶ
1849 2041 2126 2135 Ἰωάννῃ
2168 2042 2296 2131 μὲν

211 2202 220 2207 -
301 2147 524 2221 ἐδόκει
561 2146 853 2238 γράφειν
879 2145 1068 2236 πρὸς
1086 2146 1301 2227 πάσας
1339 2175 1455 2227 τας
1494 2150 1569 2216 ἐν
1593 2151 1675 2236 τῇ
1702 2153 2053 2238 Γαλιλαία
2067 2145 2295 2226 πόλεις

304 2253 419 2323 καὶ
445 2250 700 2340 κώμας·
760 2249 935 2320 εἶναι
972 2279 1102 2341 γαρ
1140 2254 1215 2320 ἐν
1252 2247 1494 2339 εκάστῃ
1524 2250 1787 2330 πάντως
1808 2253 1934 2320 ἕνα
1971 2254 2143 2338 γοῦν
2179 2251 2293 2320 καὶ
2323 2268 2371 2310 ²⁰

307 2354 627 2444 δεύτερον
653 2350 992 2442 διάφορον
1007 2356 1183 2442 ἐμοί,
1214 2356 1327 2423 καὶ
1356 2362 1589 2422 καλεῖν
1610 2351 1889 2434 τούτους
1916 2381 2005 2433 ως
2033 2354 2142 2422 ἐπὶ
2171 2379 2289 2423 πο·-

301 2459 557 2545 λέμιον.
612 2457 898 2543 πέμπειν
938 2453 1001 2525 δ’
1034 2450 1303 2526 ἐκέλευε
1337 2454 1413 2526 τὸ
1448 2455 1664 2545 δόγμα
1689 2462 1885 2526 τοῦτο
1913 2459 2026 2542 καὶ
2052 2462 2147 2536 είς
2171 2454 2293 2545 τὴν

307 2565 447 2631 τῶν
478 2554 1023 2648 Ἱεροσολυμιτῶν
1067 2558 1300 2646 πόλιν,
1353 2563 1466 2628 ἵνα
1507 2555 1806 2646 κάκεῖνοι
1846 2560 2122 2647 γνόντες
2162 2554 2296 2630 ὑπὸ

305 2669 448 2739 -τοίν
483 2669 867 2733 Γαλιλαίων
915 2671 1273 2754 κεκρίσθαι
1306 2690 1390 2752 με
1426 2666 1744 2752 πολέμιον
1794 2665 1909 2734 καὶ
1946 2660 2139 2732 αὐτοὶ
2164 2679 2292 2753 ψη-

313 2775 643 2858 φίσωνται
659 2787 676 2801 ·
729 2769 1097 2854 γενομένου
1121 2766 1249 2856 γὰρ
1268 2767 1520 2837 τούτου
1543 2764 1838 2847 καὶτοὺς
1865 2763 2079 2847 εὔνως
2106 2772 2293 2855 ἔχον·
2325 2794 2371 2836 π

313 2872 431 2952 τάς
480 2897 593 2961 μοι
641 2876 1042 2951 Γαλιλαίους
1096 2872 1603 2957 ἐγκαταλείψειν
1664 2875 1795 2959 ἔφη
1847 2871 2296 2958 φοβηθέντας.

313 2981 522 3045 ταῦτα
547 2971 1168 3060 συμβουλεύσαντος
1199 2970 1548 3058 Ἰωάννου,
1587 2972 1852 3063 σφόδρα
1877 2974 1992 3043 καὶ
2015 2971 2296 3055 τοῖς-ἅλ-

312 3089 455 3158 λοις
491 3073 690 3165 ἤρεσε
725 3073 809 3145 τὰ
833 3078 1179 3163 λεχθέντα.
1245 3078 1407 3165 περὶ·
1430 3074 1512 3145 ’δὲ
1539 3071 1724 3164 ὥραν
1747 3080 1863 3167 τῆς
1888 3073 2132 3157 νυκτὸς
2156 3084 2298 3167 τρί-

312 3206 439 3262 την
465 3184 563 3258 είς
598 3183 851 3303 γνῶσιν
888 3169 1017 3267 ἧκέ
1037 3206 1150 3268 μοι
1175 3184 1416 3266 ταῦτα,
1462 3187 1813 3266 Σακχαίου
1851 3207 1989 3250 των
2014 3178 2148 3251 συν
2176 3178 2297 3251 αὖ·

312 3290 451 3350 τοῖς
476 3278 659 3359 τινὸς
684 3277 1258 3371 αὐτομολήσαντος
1294 3282 1459 3369 πρός
1483 3310 1566 3371 με
1593 3285 1707 3352 καὶ
1741 3280 1864 3371 τὴν
1889 3285 2325 3373 ἐπιχείρησιν
2333 3316 2378 3360 ³0

311 3365 538 3437 αὐτῶν
575 3376 1121 3498 ἀπαγγείλαντος.
1191 3382 1418 3457 οὐκέτι
1464 3386 1540 3457 δὲ
1575 3383 1768 3476 ᾔδειν
1805 3379 2302 3475 ὑπερτίθεσθαι

310 3485 430 3527 ‘⁰²'
454 3476 724 3573 ²0f‘90'v2
759 3482 951 3566 αξιον
977 3488 1055 3559 δὲ
1077 3496 1315 3579 κρίνας
1333 3486 1646 3578 Ἰάκωβον
1671 3484 1954 3579 ὁπλίτην
1979 3518 2121 3561 των
2144 3495 2302 3583 περὶ
