2500 3882
241 125 401 188 2351-
904 73 1550 183 ΑΡΧΑΙοΛοΓῘΑΣ

243 293 476 378 καθώς
528 297 644 367 καὶ
694 292 766 367 τὸ
804 293 1179 386 πρότερον,
1230 291 1394 384 ἡμῖν
1431 291 1773 385 ἀρέσκειν·
1844 290 2102 383 φόρους
2135 296 2232 361 ’τε

140 439 171 494 .“
244 396 416 489 ὑπὲρ
468 400 709 489 ταύτης
758 406 872 489 τῆς
912 398 1167 478 πόλεως
1200 393 1527 484 Ὑρκανὸν
1583 404 1759 486 ἔχειν
1790 392 2231 485 Ἀλεξάνδρου

246 493 402 574 υίόν
442 504 556 572 καὶ
598 508 838 585 παῖδας
879 498 1090 571 αὐτοῦ
1131 499 1313 590 παρὰ
1339 506 1475 571 τῶν
1501 497 1626 589 τὴν
1665 506 1794 590 γῆν
1821 500 2229 588 νεμομένων,
2297 525 2306 528 “

249 601 469 695 χώρας
518 606 631 675 καὶ
669 605 935 694 λιμένος
981 605 1350 691 ἐξαγωγίου
1387 598 1544 674 κατ’
1597 600 1911 674 ἐνιαυτὸν
1947 606 2230 689 Σιδῶνι,

250 713 526 798 μοδίους
572 713 986 797 ἱ’δισμυρίους
1054 706 1555 798 ἑξακισχιλίους
1606 708 1720 776 καὶ
1771 702 2231 795 ἑβδομήκοντα
2267 703 2296 777 ὲ

249 813 479 898 πέντε,
525 806 1101 899 ὑπεξαιρουμένου
1127 814 1249 877 τοῦ
1278 807 1573 898 ἑβδόμου
1600 814 1827 897 ἔτους,
1882 803 1922 877 ὃ
1974 814 2228 896 σαββα-

251 911 440 984 τικὸν
482 919 796 1001 καλοῦσι,
839 908 998 981 καθ’
1034 905 1075 981 ὃ
1100 907 1257 982 οὔτε
1286 908 1571 1036 ἀροῦσιν
1600 908 1756 981 οὔτε
1785 908 1914 981 τὸν
1936 908 2065 980 ἀπὸ
2094 916 2233 980 τῶν

250 1018 558 1106 δένδρων
585 1013 848 1105 καρπὸν
885 1012 1321 1104 λαμβάνουσι.
1400 1013 1514 1095 τάς
1539 1041 1610 1084 τε
1641 1013 1867 1104 κεόμας
1892 993 2007 1094 τὰς
2037 1016 2111 1083 ἐν
2138 1019 2231 1106 τῷ

249 1117 514 1213 μεγάλω
537 1114 835 1212 πεδίω,
806 1117 885 1200 οἷς
900 1113 1217 1207 Ὑρκανὸς
1248 1118 1361 1187 καὶ
1389 1122 1460 1186 οί
1481 1117 1806 1206 πρόγονοι
1834 1113 2046 1187 αὐτοῦ
2073 1116 2233 1208 πρό·
2253 1173 2256 1178 .

248 1249 447 1310 τερον
469 1224 923 1309 διακατέσχον,
952 1218 1263 1310 ἀρέσκειν
1294 1227 1374 1312 τῇ
1401 1221 1751 1314 συγκλήτω
1769 1226 1978 1291 ταῦτα
1994 1215 2233 1311 ’Υρκα-
2273 1249 2322 1289 ιο

122 1375 127 1382 -
250 1323 376 1395 νὸν
392 1331 567 1413 ἔχειν
592 1327 704 1395 καὶ
723 1321 1086 1404 Ἰουδαίους
1114 1325 1223 1393 ἐπὶ
1252 1340 1386 1405 τοῖς
1417 1328 1699 1404 δικαίοις
1726 1318 1827 1404 οἷς
1854 1324 1966 1392 καὶ
1993 1322 2235 1413 πρότε-

251 1527 582 1620 ἀλλήλους
601 1450 946 1610 Ἰουδαίοις
972 1531 1085 1599 καὶ
1117 1544 1255 1610 τοῖς
1281 1525 1662 1628 ἀρχιερευσι
1707 1531 1819 1599 καὶ
1846 1543 1981 1609 τοῖς
2010 1533 2235 1617 ἱερεῦ-

254 1653 363 1702 σιν
412 1623 535 1736 ἦν,
588 1631 668 1702 τά
703 1651 788 1702 τε
840 1631 1327 1721 φιλάνθρωπα,
1386 1629 1509 1702 οσα
1560 1637 1684 1703 τοῦ
1715 1660 1786 1702 τε
1836 1631 2056 1720 δήμου
2099 1646 2235 1720 ψη-

220 1729 632 1829 ’φισαμένου
668 1736 783 1805 καὶ
825 1741 942 1825 τῆς
993 1733 1393 1824 συγκλήτου
1429 1741 1642 1823 ἔσχον.
1714 1736 1823 1804 ἐπὶ
1870 1733 2130 1815 τούτοις
2159 1761 2233 1802 τε
2272 1764 2323 1807 15

252 1853 392 1918 τοῖς
418 1843 706 1920 δικαίοις
732 1843 1025 1926 χρῆσθαι
1065 1833 1293 1918 αὐτοῖς
1321 1839 1562 1919 ἐξεῖναι
1602 1840 1677 1908 ἐν
1703 1836 2015 1918 Λύδδοις.
2078 1835 2235 1917 τούς

180 1932 185 1938 ’
253 1968 326 2011 τε
369 1938 615 2024 τόπους
653 1944 765 2012 καὶ
791 1940 1009 2033 χω’ρας
1040 1941 1153 2010 καὶ
1191 1943 1487 2030 ἐποίκια,
1540 1963 1664 2012 οσα
1707 1947 2057 2031 βασιλεῦσι
2083 1946 2235 2009 Συ-

252 2051 402 2136 ρίας
429 2047 542 2115 καὶ
573 2052 891 2135 Φοινίκης
918 2042 1285 2134 συμμάχοις
1325 2034 1482 2114 οὖσι
1512 2041 1853 2134 Ῥωμαίων
1894 2041 2062 2113 κατὰ
2097 2038 2235 2113 δω-
2327 2104 2332 2113 .

252 2145 418 2237 ρεάν
446 2145 702 2238 ὑπῆρχε
741 2154 1227 2239 καρποῦσθαι,
1260 2153 1468 2217 ταῦτα
1487 2148 1831 2237 ’δοκιμάζει
1870 2143 1911 2237 ἡ
1937 2146 2250 2237 σύγκληὲ.

237 2278 363 2341 ετος
392 2246 716 2341 Ὑρκανὸν
755 2251 875 2321 τὸν
917 2250 1260 2341 ἐθνάρχην
1296 2253 1409 2319 καὶ
1441 2248 1808 2332 Ἰουδαίους
1849 2257 2057 2338 ἔχειν·
2124 2254 2234 2319 δί-
2267 2278 2323 2318 2⁰

254 2358 508 2423 δοσθαί
537 2381 608 2424 τε
626 2350 920 2446 Ὑρκανῷ
948 2355 1061 2423 καὶ
1102 2353 1293 2423 παισὶ
1329 2369 1467 2434 τοῖς
1505 2350 1718 2423 αὐτοῦ
1750 2355 1861 2424 καὶ
1901 2359 2238 2444 πρεσβευ-
2291 2376 2294 2379 ·

252 2454 396 2534 ταῖς
461 2470 597 2538 τοῖς
650 2453 770 2534 ,ὑπ’
833 2452 1046 2525 αὐτοῦ
1099 2462 1514 2544 πεμφθεῖσιν
1566 2463 1641 2525 ἔν
1702 2484 1774 2527 τε
1826 2462 2058 2547 πυγμῇ
2107 2482 2232 2544 μο-

242 2556 561 2648 νομάχων
590 2559 713 2629 ’καὶ
747 2564 1013 2648 θηρίων
1055 2558 1543 2645 καθεζομένους
1588 2557 1752 2648 μετὰ
1777 2566 1913 2629 τῶν
1938 2567 2237 2648 συγκλη-

172 2654 185 2662 ’
236 2667 460 2730 τικῶν
521 2671 848 2751 θεωρεῖν,
920 2662 1035 2733 καὶ
1096 2661 1560 2750 αἰτησαμένοις
1610 2661 1790 2755 παρὰ
1850 2661 2236 2751 δικτάτορος

207 2793 295 2863 η
348 2762 529 2855 παρὰ
583 2764 915 2854 ἱππάρχου
951 2773 1355 2854 παρελθεῖν,
1412 2792 1575 2834 οταν
1634 2772 1727 2847 εἰς
1775 2793 1914 2867 την
1935 2764 2235 2861 σύγκλη-
2267 2798 2321 2840 25

236 2890 375 2938 τον
424 2863 771 2956 είσάγωσι,
827 2865 909 2937 τὰ
950 2862 1374 2958 ἀποκρίματα
1411 2863 1640 2948 αυτοῖς
1681 2862 2133 2938 ἀποδίδοσθαι
2162 2869 2237 2936 ἐν

249 2967 528 3061 ημέραις
567 2968 729 3041 δέκα
766 2986 908 3052 ταῖς
948 2965 1268 3059 ἁπάσαις,
1325 2965 1453 3057 ἀφ’
1483 2960 1562 3059 ἧς
1609 2998 1694 3039 αν
1732 2968 1805 3039 τὸ
1851 2969 2067 3058 δόγμα
2122 2970 2237 3057 γέ-

249 3069 479 3163 νηταιῖ

185 3195 220 3251 7
405 3172 650 3255 “Γάιος
680 3181 977 3262 Καῖσαρ,
1015 3167 1449 3258 αὐτοκράτωρ
1504 3165 1578 3237 τὸ
1634 3162 2030 3258 τέταρτον““’
1984 3168 2301 3254 υπατός

254 3298 330 3341 τε
357 3272 431 3341 τὸ
464 3276 792 3361 πέμπτον,
823 3271 1148 3359 δικτάτωρ
1183 3267 1741 3360 ἀποδεδειγμένος
1768 3269 1882 3341 δια
1906 3280 2086 3362 βίου,
2117 3271 2325 3346 λό-εο

256 3398 420 3459 γους
435 3374 783 3460 ἐποιήσατο
797 3376 954 3464 περὶ
979 3381 1116 3443 των
1129 3378 1413 3465 δικαίων
1436 3402 1578 3443 των
1591 3370 1919 3464 Ὑρκανοῦ
1934 3403 2055 3446 του
2024 3369 2238 3446 ’Ἀλε-

256 3471 581 3558 ξάνδρου,
599 3470 957 3565 ἀρχιερέως
977 3472 1323 3547 Ἰουδαίων
1348 3478 1461 3546 καὶ
1476 3475 1835 3571 ἐθνάρχου,
1863 3476 2231 3562 τοιούτους.
