2500 3882
160 122 200 180 4
295 72 305 90 ’
520 143 533 148 -
831 91 1491 180 ΑΡΧΑῙΟΛΟΓΙΑΣ

164 299 329 362 λεία
349 297 390 361 δ
393 290 650 380 ιαμένη
703 288 858 371 τοὺς
885 291 960 360 δὲ
988 291 1541 386 παρακούσαντας
1567 287 1829 364 τούτων
1859 296 1971 364 καὶ
1999 287 2164 365 ἀκυ-

165 396 509 486 ρώσαντας
557 390 1165 484 ἀνασταυρωθῆναι
1215 394 1543 483 βούλομαι
1592 397 1700 465 καὶ
1763 393 1882 478 τὰς
1936 389 2170 479 οὐσίας

165 496 390 568 αὐτῶν
431 496 604 572 εἶναι
632 494 1033 588 βασιλικάς.”
1060 535 1065 542 =
2022 523 2027 532 ’

214 633 218 638 ’
315 595 490 668 καὶ“
456 628 498 695 η
522 599 646 687 μὲν
673 598 982 690 ἐπιστολὴ
1002 603 1209 668 ταῦτα
1228 597 1503 688 ἐδήλου,
1531 604 1669 668 τῶν
1698 597 1761 669 δ’
1789 602 1863 669 ἐκ
1882 604 2000 690 τῆς
2018 606 2161 689 αίχ-

164 712 500 794 μαλωσίας
539 702 1019 772 συνελθόντων
1062 708 1158 781 είς
1180 696 1605 833 Ἱεροσόλυμα
1644 703 1969 793 μυριάδες
1992 691 2165 794 ἦσαν
2198 729 2225 773 5

163 810 478 893 τέσσαρες
507 806 620 874 καὶ
649 810 958 893 δισχίλιοι
985 804 1398 894 τετρακόσιοι
1425 807 1540 874 καὶ
1569 804 1885 895 ἑξήκοντα
1913 805 2061 877 δύο.

92 912 134 974 2
306 911 742 996 βαλλομένων
782 909 859 978 δὲ
896 906 1056 988 τοῦς
1089 915 1451 997 θεμελίους
1495 913 1620 977 τοῦ
1659 914 1830 979 ναοῦ
1865 912 1981 980 καὶ
2011 911 2166 998 περὶ

161 1009 289 1100 τὴν
335 1008 700 1100 οἰκοδομὴν
750 1007 965 1081 αὐτοῦ
1025 1017 1181 1079 λίαν
1234 1011 1787 1099 ἐσπουδακότων,
1842 1010 1923 1082 τὰ
1974 1014 2166 1102 πέριξ

165 1119 372 1202 ἔθνη,
415 1115 529 1185 καὶ
567 1114 849 1202 μάλιστα
886 1113 961 1185 τὸ
991 1121 1401 1199 Χουθαίων,
1437 1110 1555 1195 οῦς
1582 1117 1656 1184 ἐκ
1680 1119 1799 1204 τῆς
1831 1120 2165 1206 Περσίδος

164 1218 278 1287 καὶ
314 1222 631 1306 ,Μηδικῆς
674 1213 948 1305 ἀγαγών
986 1214 1524 1306 Σαλμανασάρης
1549 1213 1586 1286 6
1621 1223 1760 1287 τῶν
1791 1215 2165 1308 Ἀσσυρίων
2200 1242 2252 1282 ιο
2289 1290 2304 1300 χ

164 1318 482 1407 βασιλεὺς
508 1319 879 1413 κατώκισεν
919 1323 995 1390 έν
1018 1328 1403 1412 Σαμαρείᾳ,
1448 1347 1558 1390 οτε
1592 1317 1711 1390 τὸν
1736 1348 1876 1391 των
1907 1317 2162 1413 Ἰσραη-

166 1427 372 1492 λιτων
409 1421 575 1493 λαὸν
613 1421 989 1493 ἀνάστατον
1026 1426 1332 1512 ἐποίησε,
1378 1422 1806 1514 παρεκάλουν
1844 1421 2001 1505 τοῦς
2043 1446 2163 1493 σα

164 1552 419 1615 τραπας
466 1513 577 1596 καὶ
630 1524 788 1606 τοῦς
827 1529 1345 1614 ἐπιμελομένους
1384 1529 1765 1615 ἐμποδίζειν
1801 1554 1957 1608 τους
1999 1524 2162 1597 'Iov-

106 1681 113 1694 .
171 1634 404 1707 δαίους
431 1626 599 1717 πρός
638 1655 710 1697 τε
751 1626 877 1718 τὴν
902 1634 1023 1717 τῆς
1053 1628 1309 1711 πόλεως
1346 1626 1711 1706 ἀνάστασιν
1733 1632 1859 1700 καὶ
1885 1628 2009 1721 τὴν
2045 1634 2167 1700 τοῦ

164 1734 337 1799 ναοῦ
363 1730 801 1820 κατασκευήν.
864 1739 934 1801 οἳ
958 1731 1033 1801 δὲ
1060 1734 1173 1801 καὶ
1199 1732 1486 1823 χρήμασι
1515 1736 2011 1832 διαφθαρέντες
2037 1728 2156 1803 ὑπ’
2202 1757 2255 1797 15

168 1829 396 1902 αὐτων
431 1829 921 1923 ἀπημπόλησαν
959 1851 1095 1915 τοῖς
1125 1842 1498 1925 Χουθαίοις
1531 1834 1607 1906 τὰ
1638 1840 1793 1927 περὶ
1819 1835 1975 1917 τοῦς
1996 1834 2160 1906 Ἰου-

170 1941 403 2021 δαίους
430 1934 668 2026 ἀμελὲς
703 1939 813 2007 καὶ
841 1936 1167 2045 ῥάθυμον
1187 1945 1303 2030 τῆς
1329 1945 1749 2029 οἰκοδομίας·
1794 1939 2000 2034 Κύρω
2035 1937 2163 2027 γάρ

168 2046 330 2129 περί
362 2066 434 2109 τε
477 2037 722 2122 αλλους
762 2026 1202 2130 ἀσχοληθέντι
1262 2040 1658 2132 πολέμους’
1629 2042 1874 2131 άγνοια
1903 2042 2165 2112 τούτων

167 2133 255 2230 ἦν
272 2194 293 2229 ,
336 2145 448 2213 καὶ
500 2147 1050 2238 στρατευσαμένω
1093 2146 1203 2214 ἐπὶ
1240 2148 1711 2232 Μασσαγέτας-
1730 2148 1872 2215 ἐκεῖ
1909 2149 2163 2234 συνέβη

169 2252 557 2334 τελευτῆσαι
582 2244 701 2315 τὸν
726 2255 901 2335 βίον.
953 2247 1327 2334 Καμβύσου
1370 2247 1446 2316 δὲ
1488 2253 1609 2318 τοῦ
1647 2247 1883 2340 Κύρου
1925 2246 2161 2328 παιδὸς
2197 2269 2254 2309 20

168 2346 293 2434 τὴν
319 2354 670 2435 βασιλείαν
694 2349 1228 2439 παραλαβόντος,
1266 2354 1336 2418 οἱ
1365 2351 1442 2418 έν
1477 2358 1703 2442 Συρίᾳ
1730 2354 1844 2422 καὶ
1878 2357 2160 2441 Φοινίκῃ

168 2450 282 2518 καὶ
302 2447 718 2538 Ἀμμανίτιδι
752 2452 864 2519 καὶ
899 2456 1290 2540 Μωαβίτιδι
1325 2455 1438 2521 καὶ
1480 2461 1831 2547 Σαμαρείᾳ
1857 2454 2158 2544 γράφου·

86 2554 93 2565 “
169 2570 283 2621 σιν
298 2574 305 2579 ’
320 2551 675 2643 ἐπιστολὴν
709 2554 1043 2643 Καμβύσῃ
1091 2560 1430 2643 δηλοῦσαν
1463 2556 1645 2626 τάδε.
1692 2552 2058 2643 “δε’σποτα,
2100 2561 2170 2626 οἱ

170 2658 404 2736 παῖδές
436 2675 591 2743 σου,
623 2652 948 2745 Ῥάθυμος
987 2653 1023 2727 6
1063 2657 1281 2727 πάντα
1303 2656 1384 2727 τὰ
1423 2658 1845 2749 πραττόμενα
1878 2660 2162 2750 γράφων

171 2760 285 2828 καὶ
324 2761 648 2848 Σεμέλιος
689 2755 726 2827 6
767 2758 1193 2850 γραμματεὺς
1235 2762 1348 2830 καὶ
1382 2766 1454 2831 οἱ
1484 2768 1598 2852 τῆς
1637 2769 1891 2853 βουλῆς
1930 2768 2045 2853 τῆς
2086 2765 2162 2832 έν
2195 2787 2250 2827 25

169 2868 396 2955 Συρία
427 2864 542 2932 καὶ
569 2868 854 2953 Φοινίκῃ
892 2871 1135 2954 κριταί.
1192 2864 1583 2953 γινώσκειν
1585 2887 1660 2935 σε
1689 2872 1829 2953 δεῖ,
1858 2871 2163 2955 βασιλεῦ,

170 2991 273 3033 οτι
303 2963 610 3037 Ἰουδαῖοι
651 2972 721 3036 οἱ
759 2973 852 3048 είς
890 2971 1270 3059 Βαβυλωνα
1311 2965 1720 3061 ἀναχθέντες
1747 2968 2198 3058 ἐληλύθασιν

52 3086 63 3091 “
173 3070 269 3145 είς
293 3064 416 3154 τὴν
453 3065 814 3159 ἡμετέραν,
855 3073 968 3140 καὶ
1008 3071 1132 3160 τήν
1171 3099 1244 3141 τε
1272 3070 1471 3141 πόλιν
1500 3070 1625 3161 τὴν
1658 3069 2024 3143 ἀποστάτιν
2050 3073 2162 3140 καὶ

170 3166 473 3256 πονηρὰν
513 3178 937 3262 οἰκοδομοῦσι
974 3175 1086 3242 καὶ
1133 3171 1252 3254 τάς
1295 3171 1538 3264 ἀγορὰς
1580 3171 1818 3265 αὐτῆς,
1860 3178 1975 3245 καὶ
2012 3177 2158 3244 ἐπι-

173 3271 564 3353 σκευάζουσι
591 3272 670 3340 τὰ
693 3283 874 3364 τείχη
897 3277 1025 3345 καὶ
1028 3273 1201 3345 ναὸν
1222 3272 1710 3368 ἀνεγείρουσιν.
1753 3286 1901 3348 ἴσθι
1928 3278 2157 3369 μέντοι
2185 3298 2253 3342 ³0

173 3398 251 3458 γε
277 3369 536 3440 τούτων
568 3382 949 3463 γενομένων
993 3375 1148 3448 οὔτε
1177 3379 1430 3468 φόρους
1471 3378 1718 3463 αὐτους
1737 3392 1964 3452 τελεῖν
1989 3376 2158 3451 ὑπο-
2341 3388 2348 3391 ’

173 3478 539 3561 μενοῦντας
565 3472 719 3543 οῦτε
739 3474 1109 3551 ὑπακούειν
1136 3482 1600 3571 ἐθελήσοντας,
1628 3483 1797 3556 ἀλλὰ
1823 3487 1935 3556 καὶ
1964 3491 2159 3572 βασι-

1343 3745 1378 3777 ι’..
