2500 3882
698 93 707 102 “
803 107 1744 188 ΤΕΣΣΑΡΕΣΚΑΙΔΕΚΑΤΗ
1861 143 1866 148 ·
2124 125 2246 190 245

260 295 454 388 ἡμῶν
499 300 579 369 ἐν
617 305 697 390 τῇ
738 298 930 371 πόλει
951 297 1260 370 Ἰουδαῖοι
1302 308 1565 370 πολῖται
1607 296 1819 370 πολλὰ
1847 299 1962 371 καὶ
1989 299 2245 390 μεγάλα

263 402 719 492 φιλάνθρωπα
760 401 1105 491 ἐσχηκότες
1135 401 1247 472 διὰ
1275 396 1523 483 παντὸς
1549 398 1681 471 ὑπὸ
1710 408 1830 472 τοῦ
1859 403 2095 492 δήμου,
2125 405 2242 475 καὶ

158 531 163 538 ·
260 511 393 575 νῦν
423 505 845 585 εἰσελθόντες
885 507 996 575 ἐπὶ
1033 503 1156 593 τὴν
1195 503 1454 595 βουλὴν
1486 507 1602 575 καὶ
1638 501 1758 575 τὸν
1785 510 2000 594 δῆμον
2031 515 2242 595 παρε-

261 606 584 695 κάλεσαν,
633 603 1275 696 ἀποκαθισταμένων
1301 604 1529 688 αὐτοῖς
1560 635 1698 676 των
1731 606 1961 697 νόμων
1987 610 2102 678 καὶ
2126 616 2243 697 τῆς

199 740 227 779 ⁶
264 714 658 798 ἐλευθερίας
709 706 842 779 &aad
902 717 1020 798 τῆς
1076 709 1456 799 συγκλήτου
1507 711 1621 780 καὶ
1673 718 1794 781 τοῦ
1848 704 2065 800 δήμου
2116 717 2241 781 τοῦ

251 808 627 903 Ρωμαίων,
675 817 785 881 ἵνα
823 811 992 881 κατὰ
1029 810 1110 882 τὰ
1153 812 1549 903 νομιζόμενα
1609 819 1736 902 ἔθη
1794 814 2238 902 συνάγωνται,

259 917 374 985 καὶ
401 913 491 1004 μὴ
519 912 1059 1005 διαδικαζόμεθα
1085 914 1254 1005 πρὸς
1280 912 1550 1001 αὐτούς,
1581 920 1758 1006 δοθῇ
1783 944 1854 986 τε
1873 913 2100 998 αὐτοῖς
2124 917 2240 987 καὶ

259 1014 457 1099 τόπος
484 1024 578 1099 είς
611 1014 696 1089 ὃν
731 1018 1207 1107 συλλεγόμενοι
1246 1016 1411 1106 μετὰ
1450 1025 1796 1107 γυναικῶν
1835 1021 1948 1089 καὶ
1984 1022 2240 1089 τέκνων

265 1124 626 1192 ἐπιτελοῖεν
650 1118 766 1202 τὰς
791 1127 1112 1208 πατρίους
1126 1118 1340 1208 εὐχὰς
1366 1122 1480 1191 καὶ
1508 1127 1755 1202 θυσίας
1791 1127 1883 1214 τῷ
1910 1128 2087 1214 θεῷ,
2124 1122 2239 1192 δέ-

174 1247 230 1289 10
267 1227 497 1294 δοκται
524 1214 653 1294 οὖν
677 1230 759 1314 τῇ
784 1230 999 1313 βουλῇ
1026 1225 1140 1292 καὶ
1177 1251 1270 1316 τω
1311 1222 1499 1316 δήμω
1527 1230 2083 1324 συγκεχωρῆσθαι
2109 1252 2238 1293 αυ-

259 1341 397 1408 τοῖς
434 1328 949 1416 συνερχομένοις
999 1328 1075 1395 ἐν
1119 1341 1263 1406 ταῖς
1302 1327 2046 1418 προαποδεδειγμέναις
2073 1321 2239 1414 ἡμέ-

261 1455 411 1515 ραις
437 1429 784 1516 πράσσειν
794 1457 878 1497 τα
907 1456 1074 1498 κατα
1100 1456 1257 1508 τους
1292 1425 1519 1499 αὐτῶν
1545 1428 1813 1517 νόμους,
1851 1424 2238 1530 άφορισθη-

261 1557 375 1599 ναι
416 1527 481 1600 δ’
527 1528 754 1612 αὐτοῖς
790 1533 904 1601 καὶ
933 1530 1137 1601 τόπον
1176 1527 1311 1601 ὑπὸ
1344 1559 1480 1601 των
1517 1538 1907 1620 στρατηγων
1934 1538 2029 1613 είς
2054 1537 2238 1601 οἰκο-

262 1637 509 1721 δομίαν
557 1637 671 1705 καὶ
722 1644 986 1723 οἴκησιν
1048 1661 1307 1722 αυτων,
1374 1629 1457 1704 ὃν
1507 1662 1595 1704 αν
1644 1629 2030 1723 υπολάβωσι
2068 1630 2238 1725 πρὸς

172 1759 225 1801 ιε
259 1731 446 1806 τοῦτ’
478 1721 945 1826 ἐπιτήδειον,“
903 1761 1084 1817 οπως
1111 1765 1183 1807 τε
1209 1752 1346 1818 τοῖς
1372 1743 1487 1826 τῆς
1513 1737 1769 1818 πόλεως
1794 1733 2236 1826 ἀγορανόμοις

257 1839 558 1927 ἐπιμελὲς
617 1833 663 1930 ᾗ
717 1841 832 1909 καὶ
900 1837 981 1908 τὰ
1033 1831 1313 1920 ἐκείνοις
1370 1837 1536 1931 πρὸς
1583 1837 1852 1931 τροφὴν
1895 1839 2234 1928 ἐπιτήδεια

256 1958 478 2013 ποιεῖν
513 1937 955 2033 εἰσάγεσθαι.”

408 2043 720 2135 ψήφισμα
759 2042 1102 2135 Ἐφεσίων.
1172 2041 1328 2115 “gal
1369 2044 1760 2134 πρυτάνεως
1799 2052 2234 2134 Μηνοφίλου,
2266 2067 2335 2139 235

258 2146 469 2237 μηνὸς
506 2146 895 2237 ἆρτεμισίου
936 2153 1017 2238 τῇ
1060 2151 1386 2240 προτέρα,
1418 2144 1603 2230 ἔδοξε
1630 2154 1722 2240 τῷ
1754 2148 1962 2241 δήμῳ.
2014 2146 2239 2217 Νικά-
2411 2178 2422 2185 “

170 2280 229 2322 20
259 2278 400 2338 νωρ
426 2247 765 2340 Εὐφήμου
800 2249 1018 2338 εἶπεν,
1068 2252 1609 2340 εἰσηγησαμένων
1645 2257 1783 2323 τῶν
1827 2256 2237 2341 στρατηγῶν.
2323 2260 2328 2265 ’

264 2354 411 2426 επεὶ
470 2353 887 2443 ἐντυχόντων
930 2379 1067 2422 των
1113 2356 1189 2424 ἐν
1240 2360 1322 2445 τῇ
1362 2353 1554 2424 πόλει
1585 2351 1931 2424 Ἰουδαίων
1970 2352 2238 2447 Μάρκῳ

249 2454 506 2548 Ἰουλίω
530 2463 861 2560 Πομπηίω
887 2460 1015 2548 υίω
1041 2455 1348 2546 Βρουτου
1375 2453 1776 2581 ἀνθυπάτω,
1812 2484 1992 2538 οπως
2023 2453 2237 2547 αγωσι

261 2587 344 2629 τα
377 2558 671 2647 σάββατα
711 2562 826 2629 καὶ
862 2558 1076 2628 πάντα
1120 2566 1360 2630 ποιωσι
1400 2557 1567 2629 κατὰ
1604 2587 1685 2629 τα
1727 2558 1969 2650 πάτρια
2008 2558 2236 2630 αὐτων

264 2666 394 2749 ἔθη
428 2659 714 2750 μηδενὸς
757 2656 984 2743 αυτοῖς
1022 2659 1341 2750 ἐμποδων
1367 2658 1831 2750 γινομένου,
1801 2690 1838 2731 ο
1871 2660 2236 2751 στρατηγὸς

172 2786 231 2829 25
267 2762 715 2853 συνεχώρησε,
736 2767 1150 2853 δέδοκταιτῇ
1177 2770 1393 2852 βουλῇ
1405 2762 1619 2854 καὶτῷ
1642 2758 1851 2856 δημφ,
1866 2789 1987 2833 του
2016 2762 2234 2852 πράγ-

256 2894 460 2956 ματος
478 2862 815 2955 Ῥωμαίοις
858 2863 1549 2955 ἀνήκοντοςγμηδένα
1588 2864 1973 2933 κωλύεσθαι
2014 2889 2258 2953 παρα-·

256 2985 489 3060 τηρεῖν
529 2967 656 3058 τὴν
695 2976 834 3047 τῶν
871 2964 1228 3058 σαββάτων
1274 2962 1772 3055 ἡμέραν,,μηδὲ
1814 2965 2233 3055 πράσσεσθαι

253 3077 621 3162 ἐπιτίμιον,
664 3068 1150 3159 ἐπιτετράφθαι
1189 3065 1256 3139 δ’
1304 3065 1532 3148 αὐτοῖς
1572 3067 1788 3139 πάντα
1816 3068 2035 3138 ποιεῖν
2060 3064 2229 3139 κατὰ
2251 3116 2264 3127 1

251 3174 411 3259 τοὺς
438 3172 658 3257 ἰδίους
685 3169 914 3245 αὐτῶν
936 3168 1239 3261 νόμους.”
2129 3220 2134 3225 -

106 3360 112 3377 ι
171 3304 224 3350 an
397 3276 627 3369 πολλὰ
651 3277 776 3366 μὲν
796 3267 925 3346 οὖν
949 3276 1089 3345 ἐστὶ
1115 3276 1230 3345 καὶ
1273 3270 1439 3347 ἄλλα
1478 3278 1559 3363 τῇ
1586 3270 1938 3365 συγκλήτῳ
1963 3279 2236 3349 τοιαῦτα
2267 3291 2335 3347 26

252 3382 369 3451 καὶ
400 3394 538 3460 τοῖς
578 3377 1063 3468 αὐτοκράτορσι
1089 3373 1429 3465 Ῥωμαίων
1470 3374 1766 3465 δόγματα
1805 3373 1971 3463 πρὸς
1999 3370 2235 3465 ‘Toxa-

251 3480 382 3553 νὸν
411 3482 527 3550 καὶ
550 3479 626 3551 τὸ
670 3487 874 3563 ἔθνος
897 3476 1087 3570 ἡμῶν
1114 3480 1559 3570 γεγενημένα,
1600 3479 1715 3549 καὶ
1760 3476 1993 3550 πόλεσι
2017 3483 2234 3566 ψηφί-
