2500 3882
791 95 1605 187 ENNEAKAIAEKATH
1926 169 1932 176 .
2058 129 2181 202 209

197 296 584 423 φερομένων
612 304 863 369 ἔπεσεν
907 293 1042 368 ὑπὸ
1109 298 1417 387 πλήθους
1460 298 1877 387 τραυμάτων.
1961 306 2180 401 τρίτος

197 401 266 470 δὲ
285 396 600 489 Ἀντήιος,
633 407 772 470 τῶν
799 405 872 470 ἐκ
899 407 1016 490 τῆς
1041 407 1312 490 βουλῆς,
1342 399 1474 471 σὺν
1500 398 1750 502 ὀλίγοις
1777 399 1860 472 οὐ
1888 409 2175 491 τυχαίως

194 518 323 584 τοϊς
358 510 728 593 Γερμανοῖς
765 500 1074 592 καθάπερ
1118 509 1189 573 οἰ
1223 503 1553 595 πρότερον
1580 505 1993 593 περιπεσών,
2037 503 2170 576 ὑπὸ

195 606 269 675 δὲ
291 607 880 696 φιλοθεαμοσύνης
906 609 1019 677 καὶ
1045 602 1292 696 ἡδονῆς
1328 614 1448 676 τοῦ
1479 603 1839 700 αὐτόπτης
1850 610 2171 696 γενέσθαι

135 729 161 770 5
192 716 399 779 Γαΐου
426 711 737 799 κειμένου
764 725 957 799 μῖσος
975 713 1287 836 ἐνέφαινε
1314 709 1387 779 τὸ
1416 709 1585 797 πρὸς
1611 708 1849 781 αὐτόν·
1896 710 2015 780 τὸν
2040 711 2170 800 γὰρ

190 815 436 898 πατέρα
463 819 583 882 τοῦ
605 807 913 903 Ἀντηίου
939 809 1108 882 καὶτ
1076 812 1440 901 ομῶνυμον
1470 813 1745 901 φυγάδα
1781 814 2020 895 ἐλάσας
2056 817 2169 884 καὶ

189 914 276 1003 μὴ
305 909 663 1002 ἀρκεσθεὶς
689 923 935 986 κτείνει
963 915 1365 1005 στρατιώτας
1395 911 1807 1004 ἀποπέμψας.
1850 919 1964 986 καὶ
1993 945 2169 1005 παρ-
2235 911 2245 917 ”

187 1025 272 1106 ἣν
309 1017 434 1105 μὲν
473 1017 587 1087 διὰ
628 1019 786 1089 τάδε
828 1017 1378 1109 εὐφρανούμενος
1419 1026 1680 1112 θεωρία
1726 1027 1848 1090 τοῦ
1893 1028 2165 1109 νεκροῦ,

187 1124 697 1211 θορυβουμένης
741 1123 818 1193 δὲ
856 1130 973 1211 τῆς
1011 1128 1224 1203 οἰκίας
1262 1120 1587 1209 κρύπτειν
1627 1119 1837 1192 αὑτὸν
1882 1126 2184 1193 έντεθυ-·

105 1251 156 1316 ιο,
185 1227 472 1312 μημένος
524 1223 608 1294 ού
661 1225 1110 1315 διαφυγγάνει
1163 1232 1302 1295 τῶν
1349 1231 1722 1314 Γερμανῶν
1768 1222 1843 1294 τὸ
1903 1232 1996 1307 είς
2044 1226 2170 1313 τὴν

113 1346 123 1357 ·
185 1334 470 1416 ἔρευναν
492 1325 766 1416 ἀκριβὲς
801 1330 914 1403 καὶ
948 1330 1056 1399 ἐπὶ
1083 1344 1219 1409 τοϊς
1245 1327 1481 1419 φόνοις
1520 1324 1770 1416 ὁμοίως
1800 1318 1937 1397 τῶν
1962 1355 2035 1397 τε
2061 1335 2169 1397 αἰ-

183 1436 344 1499 τίων
371 1432 484 1499 καὶ
509 1428 601 1519 μὴ
629 1431 1193 1522 ἐξαγριωσάντων.

335 1535 449 1602 καὶ
489 1541 560 1603 οἳ
591 1533 717 1622 μὲν
754 1534 973 1625 ταύτῃ
998 1536 1452 1625 τεθνήκεσαν,
1499 1541 1591 1614 εἰς
1639 1533 1713 1603 δὲ
1752 1532 1825 1602 τὸ
1867 1536 2166 1634 θέατρον
2201 1562 2267 1616 16

189 1637 334 1705 ἐπεὶ
367 1632 709 1724 άφίκετο’
677 1665 710 1707 ο
748 1638 944 1727 λόγος
983 1641 1138 1726 περὶ
1157 1645 1272 1727 τῆς
1297 1646 1515 1708 Γαΐου
1536 1643 1884 1727 τελευτῆς,
1912 1644 2161 1725 ἔκπλη-
2190 1676 2193 1679 ’

96 1770 144 1810 15
182 1742 281 1821 ξίς
308 1768 378 1809 τε
404 1742 518 1810 καὶ
544 1736 829 1811 ἀπιστία
841 1732 1066 1830 ἦν.οἳ
1084 1742 1208 1829 μὲν
1235 1769 1363 1830 γαρ
1392 1741 1699 1812 καὶπάνυ
1727 1737 1941 1830 ἡδονῇ
1949 1742 2161 1866 δεχό-

177 1869 370 1931 μενοι
396 1842 517 1912 τὸν
546 1840 845 1933 ολεθρον
874 1840 1120 1931 αὐτοῦ,
1149 1872 1280 1913 καν
1308 1847 1437 1932 πρὸ
1469 1850 1721 1914 πολλοῦ
1751 1840 2172 1932 ἡγησάμενοι

181 1952 420 2032 σφίσιν
445 1943 710 2034 ἀγαθὸν
752 1956 1138 2033 συνελθεῖν,
1169 1944 1305 2016 υπὸ
1333 1949 1530 2027 δέους
1558 1952 1630 2015 ἐν
1656 1944 1931 2016 ἀπιστία
1954 1937 2159 2034 ἦσαν

189 2050 319 2116 εἰσὶ
353 2048 428 2115 δὲ
456 2043 554 2128 οἷς
580 2051 692 2116 καὶ
720 2048 900 2119 πάνυ
927 2045 1042 2117 ἀπ’
1077 2038 1440 2117 ἐλπίδωνῗ
1398 2076 1503 2135 ην,
1535 2047 1647 2116 δια
1675 2046 1750 2143 τό
1778 2047 1867 2135 μὴ
1897 2051 2164 2117 ἐθέλειν

179 2178 243 2219 τι
297 2150 562 2220 τοιόνδε
608 2153 762 2239 περὶ
809 2148 931 2220 τὸν
972 2150 1182 2223 Γάιον
1227 2152 1610 2236 γεγονέναι,
1664 2149 1833 2237 μηδε
1872 2146 2163 2242 ἀληθεία

89 2285 149 2326 2ο
174 2259 689 2342 προστίθεσθαι,
721 2251 835 2323 δια
859 2253 933 2323 τὸ
960 2278 1057 2373 μη
1077 2247 1224 2322 οἷόν
1254 2281 1325 2321 τε
1365 2248 1707 2345 ἀνθρώπῳ
1737 2250 1907 2329 εἶναι
1936 2259 2164 2344 τοιᾷδε

170 2353 379 2448 ἀρετῇ
417 2363 727 2446 χρῆσθαι.
817 2358 1064 2447 γύναια
1093 2353 1157 2425 δ’
1191 2347 1278 2444 ἦν
1305 2362 1516 2425 ταῦτα
1544 2357 1654 2424 καὶ
1685 2361 1948 2442 παιδες,
1992 2352 2159 2457 ὁπό-

171 2480 282 2528 σοι
323 2488 392 2528 τε
434 2466 668 2530 δοῦλοι
708 2468 832 2531 καί
870 2488 1055 2541 τινες
1076 2486 1196 2528 του
1215 2464 1735 2564 στρατιωτικοῦ,
1778 2465 1846 2527 οἳ
1879 2458 2004 2547 μὲν
2044 2458 2158 2528 διὰ

174 2561 252 2630 τὸ
295 2573 782 2652 μισθοφορεῖν,
836 2566 949 2635 καὶ
991 2546 1220 2633 οὐδὲν
1235 2558 1385 2631 ἀλλ’
1428 2590 1469 2650 η
1510 2568 2153 2650 συντυραννοῦντες,
2207 2566 2212 2573 ’

172 2666 291 2735 καὶ
329 2670 639 2757 διακονία
681 2673 797 2754 τῆς
834 2664 988 2737 κατ’
1030 2670 1292 2735 ἐκεῖνον
1319 2661 1579 2754 ὕβρεως
1606 2664 2154 2752 ἐπανασειόμενοι

67 2792 129 2834 25
168 2783 316 2850 τοῖς
356 2776 734 2855 κρατίστοις
769 2776 903 2839 τῶν
941 2775 1264 2855 πολιτῶν,
1307 2775 1497 2857 τιμῆς
1531 2796 1603 2837 τε
1642 2763 1773 2854 άμα
1814 2769 1926 2835 καὶ
1955 2764 2153 2854 ῶφε-

164 2879 377 2944 λειῶν
401 2870 791 2961 τυγχάνειν·
850 2868 891 2960 ἡ
935 2873 1009 2945 δε
1049 2862 1143 2947 αὖ
1167 2885 1637 2960 γυναικωνῖτις
1669 2872 1782 2938 καὶ
1810 2869 1882 2939 τὸ
1909 2870 2151 2939 νεώτε-

166 3004 318 3065 ρον,
350 2972 515 3065 όπερ
546 2972 739 3062 όχλος
766 2982 967 3063 φιλεῖ,
996 2982 1316 3062 θεωρίαις
1349 3001 1420 3043 τε
1446 2977 1559 3043 και
1585 2979 2007 3062 μονομαχιῶν
2034 2972 2155 3042 δό-

167 3078 320 3149 σεσι
359 3081 473 3150 καὶ
512 3084 719 3149 τινῶν
758 3084 1177 3167 κρεανομιῶν
1216 3074 1493 3166 ἡδοναῖς
1545 3074 2052 3196 ἀνειλημμένοι,
2108 3072 2153 3144 δὲ

165 3182 537 3268 ἐπράσσετο
566 3182 744 3276 λόγω
773 3182 896 3270 μὲν
923 3183 1032 3251 ἐπὶ
1061 3187 1396 3272 θεραπεία
1433 3185 1548 3269 τῆς
1585 3170 1927 3267 πληθύος,
1967 3177 2046 3247 τὸ
2076 3179 2153 3248 δὲ

65 3309 129 3353 30
167 3280 426 3371 ἀληθὲς
466 3284 922 3373 ἐκπιμπλάντα
967 3290 1081 3375 τῆς
1119 3289 1359 3373 μανίας
1397 3288 1609 3351 Γαῖον
1648 3276 1771 3368 τὴν
1812 3278 2150 3370 ὠμότητα

165 3392 241 3457 οἰ
283 3385 363 3455 δὲ
403 3390 635 3457 δοῦλοι
676 3386 790 3458 διὰ
825 3387 898 3458 τὸ
950 3390 1025 3457 έν
1065 3392 1483 3478 προσηγορίᾳ
1504 3411 1574 3453 τε
1604 3380 1776 3452 εἶναι
1808 3385 1921 3477 καὶ
1946 3408 2152 3453 ’καταν-

165 3486 560 3581 φρονήματι
601 3498 734 3559 τῶν
774 3498 1150 3580 δεσποτῶν,
1207 3487 1635 3579 ἀποστροφῆς
1681 3490 1774 3578 τῷ
1815 3482 2152 3577 ὑβρίζοντι

279 3620 545 3664 IOSEPH.
599 3621 685 3666 1v.
1760 3599 1835 3661 14
