2500 3882
298 129 418 192 162
583 197 592 213 ‚
636 178 641 184 ,
931 82 1575 189 ΑΡΧΑΙΟΛΟΓΙᾹΣ
1595 131 1610 138 ··
1643 110 1655 123 “

240 370 273 379 ,,
301 332 434 386 νως
462 300 877 393 ἀποθανεῖν,
927 297 1151 372 οὐκέτ’
1201 297 1502 390 ἀγνοεῖτε
1525 325 1539 340 ·
1600 301 2154 392 παραδειγμάτων
2210 301 2289 372 δὲ

246 440 249 449 ’
299 406 623 478 τοιούτων
659 403 1115 495 εὐποροῦντός
1167 432 1334 494 μου,
1386 403 1514 476 κάκ
1568 413 1688 476 τοῦ
1739 405 2068 495 θνήσκειν
2112 401 2289 493 ὑπὲρ

299 517 437 580 τῶν
475 509 702 598 νόμων
746 510 860 579 καὶ
897 511 1012 596 τῆς
1062 515 1429 596 θρησκείας
1470 506 1630 590 τοὺς
1674 513 1747 579 ἐκ
1802 516 1918 600 τῆς
1968 506 2292 597 ἡμετέρας

304 619 517 694 οἰκίας
569 606 977 701 γενομένους
1027 607 1488 734 ἡγησαμένου,
1558 611 1772 701 φόβος
1823 608 2051 692 οὐδεὶς
2106 617 2291 680 ἔσται

301 722 690 806 τηλικοῦτος
736 711 815 795 ὃς
846 713 1097 801 ταύτην
1136 708 1351 802 ἡμῶν
1362 712 1487 802 τὴν
1526 714 1833 784 διάνοιαν
1868 717 2144 804 ἐκβαλεῖ
2171 719 2292 801 τῆς
2317 738 2345 780 5

300 825 553 908 ψυχῆς,
596 815 966 898 ἀντεισάξει
1012 813 1075 886 δ’
1123 823 1216 898 εἰς
1254 812 1475 942 αύξὴν
1505 825 1884 905 φιλοζωίαν
1926 819 2039 886 καὶ
2095 815 2294 905 δόξης

301 920 826 1008 καταφρόνησιν.
882 916 1051 988 ὅθεν
1079 914 1168 999 ῶς
1194 915 1320 988 οὐκ
1348 916 1760 1009 ἀποροῦντες
1787 917 2111 1010 ἡγεμόνος
2137 924 2294 988 οἴου

237 1064 244 1080 ·
301 1051 373 1094 τε
399 1024 513 1092 καὶ
541 1022 819 1109 πάσχειν
845 1014 1085 1110 ὑπέρ“
1047 1029 1241 1110 υμῶν
1267 1019 1347 1090 τὰ
1372 1025 1644 1112 μέγιστα
1673 1025 1783 1093 καὶ
1813 1029 2006 1123 δρᾶν,
2041 1023 2301 1092 ἕπεσθέ

300 1154 414 1215 μοι
443 1125 813 1214 προθύμως
839 1121 950 1212 ἐφ’
965 1152 1104 1206 ους
1134 1120 1219 1194 ἂν
1260 1119 1556 1214 ἡγῶμαι·
1616 1123 1775 1195 ούτε
1804 1124 1930 1216 γὰρ
1964 1118 2294 1215 κρείττων

168 1276 179 1283 -
300 1227 433 1317 ἐγῶ
493 1235 630 1298 τῶν
681 1231 860 1316 ἐμῶν
896 1224 1332 1317 αδελφῶν,”
1300 1256 1408 1297 ινα
1448 1234 1782 1318 φείδωμαι
1833 1235 1947 1318 τῆς
1994 1232 2293 1317 ἐμαυτοῦ
2333 1247 2385 1288 1⁰

300 1338 539 1421 ψυχῆς,
569 1358 728 1402 οντε
754 1336 1084 1419 χείρων-,“
1053 1360 1163 1400 ινα
1195 1325 1233 1400 ὃ
1267 1331 1619 1402 κάλλιστον
1646 1335 1929 1419 ἐκείνοις
1958 1334 2175 1417 ἔδοξε,
2213 1330 2294 1400 τὸ

301 1442 623 1507 τελευτᾶν
650 1434 822 1523 υπερ
854 1441 990 1503 τῶν
1016 1431 1244 1523 νόμων
1286 1436 1400 1505 καὶ
1428 1441 1545 1523 τῆς
1570 1442 1692 1504 τοῦ
1722 1441 1896 1505 θεοῦ
1922 1439 2296 1523 θρησκείας

303 1531 752 1628 ὖμῶν,’τοῦτ’
800 1535 930 1626 ἐγῶ
974 1537 1170 1626 φύγω
1218 1539 1332 1606 καὶ
1368 1544 1728 1608 καταλίπω.
1814 1532 1916 1619 οἷς
1954 1541 2036 1607 δέ
2076 1565 2157 1626 με
2184 1542 2301 1607 δεῖ

304 1641 582 1729 γνήσιον
622 1634 923 1728 ἀδελφὸν
950 1641 1244 1733 ,ἐκείνων
1301 1647 1633 1730 φανῆναι,
1689 1639 1949 1721 τούτοις
2000 1639 2297 1729 ἐμαυτὸν

296 1734 640 1825 ἐπιδείξω·
703 1749 942 1832 θαρρῶ
980 1741 1107 1832 γὰρ
1151 1738 1240 1822 ῶς
1281 1743 1394 1811 καὶ
1439 1748 1639 1835 δίκην
1679 1743 2050 1833 ληψόμενος
2104 1742 2294 1832 παρὰ
2337 1767 2391 1808 ιε

302 1853 440 1915 τῶν
479 1851 850 1934 πολεμίων,
895 1846 1008 1914 καὶ
1048 1844 1299 1926 πάντας
1350 1840 1522 1934 ὑμᾶς
1568 1845 1732 1934 μετὰ
1776 1852 2123 1935 γυναικῶν
2176 1849 2299 1915 καὶ
2431 1844 2442 1849 ’

302 1951 559 2019 τέκνων
592 1955 708 2037 τῆς
750 1951 816 2031 ἐξ
843 1945 1072 2018 αὐτῶν
1108 1944 1371 2037 ὕβρεως
1410 1949 1811 2039 ῥυσόμενος,
1856 1951 1971 2020 καὶ
1996 1947 2072 2019 τὸ
2101 1948 2297 2038 ἱερὸν

305 2050 694 2143 ἀπόρθητον
717 2050 882 2140 μετὰ
915 2058 1036 2120 τοῦ
1083 2058 1258 2121 θεοῦ
1297 2052 1760 2141 διαφυλάξων·
1824 2050 1904 2121 τὰ
1943 2050 2071 2144 γὰρ
2117 2059 2297 2141 ἔθνη

302 2158 527 2245 βλέπω
554 2154 1157 2244 καταφρονήσαντα
1187 2149 1378 2243 ὑμῶν
1408 2151 1497 2236 ῶς
1524 2152 1652 2226 οὐκ
1678 2153 1968 2245 ἐχόντων
1993 2151 2297 2244 ἡγεμόνα

303 2257 469 2349 πρὸς
497 2255 571 2327 τὸ
602 2266 916 2345 πολεμεῑζν
944 2253 1377 2347 ῶρμηκέναι.”
2335 2278 2396 2319 2⁰

239 2378 275 2433 3
395 2387 399 2392 ·
460 2358 738 2440 τούτους
786 2363 1242 2448 ποιησαμένου
1303 2367 1424 2429 τοῦ
1492 2365 1804 2445 Σίμωνος
1828 2358 1987 2441 τοὺς
2045 2359 2300 2449 λόγους

305 2458 729 2552 ἀνεθάρρησε
756 2459 830 2531 τὸ
859 2469 1152 2549 πλῆθος,
1181 2463 1293 2530 καὶ
1319 2477 1461 2543 ταῖς
1488 2476 1731 2549 ψυχαῖς
1757 2460 2127 2544 ἐνδεδωκὸς
2151 2459 2296 2535 ὑπὸ

306 2569 559 2644 δειλίας
584 2562 929 2652 α’νηγέρθη
956 2561 1124 2653 πρὸς
1161 2561 1242 2632 τὰ
1278 2560 1530 2652 ἀμείνω
1558 2564 1673 2634 καὶ
1702 2561 1963 2690 ἀγαθὰς
1990 2568 2296 2655 ἐλπίδας,

306 2662 395 2749 ῶς
432 2662 703 2756 ἀθρόως
743 2665 959 2736 πάντα
1001 2664 1121 2737 τὸν
1160 2663 1329 2736 λαὸν
1367 2669 1681 2758 ἐκβοῆσαι
1710 2666 1834 2739 τὸν
1850 2675 2133 2757 Σίμωνα
2155 2667 2299 2739 αύ-

306 2776 443 2841 τῶν
469 2763 784 2870 ηγεῖσθαι
822 2771 935 2874 και
975 2765 1125 2839 άντὶ
1144 2765 1364 2839 Ἰούδα
1399 2772 1512 2840 καὶ
1545 2766 1869 2842 Ἰωνάθου
1906 2778 2043 2841 τῶν
2084 2768 2299 2846 ἆδελ-
2337 2801 2394 2842 25

308 2880 461 2963 φῶν
487 2869 700 2943 αὐτὸν
726 2868 859 2961 τὴν
877 2878 1288 2964 προστασίαν
1314 2880 1519 2962 ἔχειν·
1573 2880 1847 2945 ἔσεσθαι
1874 2872 2003 2965 γὰρ
2021 2872 2213 2965 πρὸς
2253 2872 2302 2947 ὅ

307 3006 371 3047 τι
407 2975 712 3047 κελεύσει
749 2983 1166 3065 πειθηνίους
1247 2983 1709 3065 συναθροίσας
1751 2979 1827 3049 δὲ
1879 2985 2015 3048 πᾶν
2069 2974 2300 3062 εὐθὺς

308 3077 470 3150 οσον
510 3069 598 3167 ἦν
633 3077 708 3149 τὸ
751 3076 1113 3168 πολεμικὸν
1147 3084 1263 3167 τῆς
1289 3084 1537 3161 οἰκείας
1581 3077 1837 3170 ἰσχύος,
1880 3085 2168 3151 ἔσπευδε
2209 3081 2303 3153 τὰ

310 3190 491 3269 τείχη
530 3188 647 3271 τῆς
685 3179 938 3263 πόλεως
975 3178 1514 3269 ἀνοικοδομῆσαι.
1595 3185 1710 3252 καὶ
1747 3184 2031 3274 πύργοις
2069 3180 2302 3274 αὐτὴν

311 3277 593 3367 νψηλοτς
618 3311 690 3353 τε
716 3286 828 3354 καὶ
858 3300 1202 3375 καρτεροῖς
1226 3280 1761 3375 ἀσφαλισάμενος
1790 3284 2132 3357 ἀπέστειλε
2158 3288 2300 3377 μὲν
2340 3322 2402 3364 ³0

305 3378 630 3469 Ἰωνάθην
655 3413 804 3456 τινα
833 3393 1056 3475 φίλον,
1080 3385 1476 3477 Ἀψαλώμου
1504 3394 1743 3478 παῖδα,
1782 3418 1947 3488 μετα
1973 3398 2302 3479 στρατιᾶς

317 3490 411 3564 εἰς
441 3476 692 3572 Ἰόπην,
735 3488 1101 3578 προστάξας
1142 3487 1326 3587 αύτῶ
1368 3489 1526 3575 τοὺς
1577 3492 1923 3585 οἰκήτορας
1970 3496 2301 3584 ἐκβαλεῖν
