2500 3882
217 132 294 192 84
381 200 387 210 ¹
618 109 633 113 ’
834 129 1533 190 -ΑΡΧΑΙοΛοΓΙΑΣ
1625 147 1640 161 ’
1756 91 1761 98 ’

68 294 73 299 ’
148 323 182 373 2
352 301 661 391 Ἰιόσηπος
691 301 770 371 δέ
795 329 893 382 τις
892 354 928 407 7
969 302 1119 383 νέος
1161 301 1286 391 μὲν
1327 307 1423 371 ἔτι
1452 299 1574 389 τὴν
1602 299 1909 391 ἡλικίαν,
1952 302 2059 370 ἐπὶ
2091 298 2207 370 σε-

216 406 493 495 μνότητι
545 405 621 474 δὲ
671 407 785 474 καὶ
815 411 1099 496 προνοίᾳ
1152 407 1265 474 καὶ
1326 406 1722 498 δικαιοσύνῃ
1778 405 1982 488 δόξαν
2037 410 2207 492 ἔχων

219 509 401 598 παρὰ
428 524 567 588 τοῖς
587 504 1166 597 Ἱεροσολυμίταις,
1215 514 1484 596 Τωβίου
1525 509 1650 599 μὲν
1695 507 1973 598 πατρός,
2015 511 2088 576 ἐκ
2130 506 2240 575 δὲ’

216 619 329 700 τῆς
364 610 594 680 Ὀνίου
639 617 759 679 τοῦ
804 607 1161 733 ἀρχιερέως
1202 606 1500 698 ἀδελφῆς
1526 611 1856 701 γεγονώς,
1898 607 2206 698 δηλωσά-

216 739 357 804 σῆς
384 711 567 806 αύτω
611 718 726 799 τῆς
763 711 1038 836 μητρὸς
1049 710 1174 800 τὴν
1212 720 1335 782 τοῦ
1364 721 1785 804 πρεσβευτοῦ
1829 719 2206 803 παρουσίαν
2242 739 2270 775 5

217 824 432 906 (ἔτυχε
466 814 594 905 γὰρ
624 811 824 896 αὐτὸς
865 813 1231 904 ἀποδημῶν
1276 823 1370 896 είς
1410 817 1708 915 Φιχόλαν
1747 844 1980 904 κωμην
2019 817 2085 898 ἐξ
2128 805 2246 938 ἧς

216 917 567 1009 υπῆρχεν),
598 915 823 999 ἐλθών
852 923 945 999 εἰς
982 917 1106 1007 τῆν
1146 918 1344 988 πόλιν
1386 906 1745 1009 ἐπέπληττε
1788 947 1879 1012 τω
1901 916 2088 1010 Ὀνίᾳ
2116 918 2205 1006 μὴ

170 1086 181 1097 ,
219 1021 698 1112 προνοουμένω
727 1028 842 1110 τῆς
870 1018 1238 1110 ἀσφαλείας
1258 1028 1395 1092 τῶν
1415 1030 1727 1117 πολιτῶν,
1751 1018 1903 1092 ἀλλ’
1938 1027 2031 1102 εἰς
2057 1048 2208 1089 κιν-

220 1124 471 1205 δύνους
512 1122 587 1192 τὸ
633 1130 836 1205 ἔθνος
875 1127 1266 1217 βουλομένω
1309 1134 1698 1225 περιστῆσαι
1749 1122 1866 1196 διὰ
1909 1122 2033 1212 τῆν
2071 1130 2208 1192 τῶν

217 1226 574 1333 χρημάτων
612 1223 1090 1316 ἀποστέρησιν,
1133 1226 1225 1297 δι’
1275 1224 1318 1296 ἃ
1358 1232 1471 1299 καὶ
1509 1236 1630 1300 τοῦ
1673 1236 1840 1298 λαοῦ
1887 1226 2010 1315 τὴν
2038 1253 2247 1317 προ-
2248 1257 2301 1295 ιο

219 1337 499 1400 στασίαν
541 1337 774 1419 λαβεῖν
817 1327 1027 1400 αὐτὸν
1067 1337 1254 1421 ἔλεγε
1290 1333 1403 1401 καὶ
1444 1339 1557 1420 τῆς
1603 1329 2069 1423 ἀρχιερατικῆς
2107 1357 2210 1398 τι-

220 1441 346 1522 μῆς
373 1436 745 1520 ἐπιτυχεῖν·
804 1440 865 1502 εἰ
890 1430 959 1503 δ’
1011 1435 1343 1558 ἐρωτικῶς
1382 1431 1594 1516 ούτως
1633 1443 1768 1523 ἔχοι
1791 1462 1929 1504 των
1955 1430 2212 1522 χρημά-

220 1565 356 1635 των
397 1562 487 1615 ως
527 1532 622 1603 δι’
662 1532 834 1604 αὐτὰ
859 1537 971 1604 καὶ
998 1534 1123 1623 τὴν
1149 1542 1437 1626 πατρίδα
1466 1537 2005 1607 κινδυνεύουσαν
2039 1540 2215 1611 (δεῖν

221 1633 580 1726 ὑπομειναι
607 1639 720 1706 καὶ
753 1644 888 1706 πᾶν
915 1633 1149 1707 ὁτιοῦν
1184 1638 1528 1721 παθόντας
1570 1636 1781 1709 αὑτοῦ
1821 1666 1979 1719 τους
2015 1643 2212 1705 πολί-

222 1768 358 1826 τας,
388 1737 927 1827 συνεβούλευσεν
966 1737 1351 1809 ἀπελθόντα
1390 1741 1557 1829 πρὸς
1591 1740 1709 1812 τὸν
1732 1741 2017 1829 βασιλέα
2033 1743 2207 1826 ,δεη-
2251 1765 2344 1810 15,

221 1849 430 1930 θῆναι
460 1838 669 1910 αυτοῦ
709 1837 754 1930 η’
783 1841 1054 1910 πάντων
1080 1838 1263 1935 αὐτῷ
1291 1851 1765 1970 παραχωρῆσαι
1791 1870 1927 1912 των
1954 1839 2215 1967 χρημά-

222 1973 357 2016 των
384 1939 428 2035 ῆ
457 1946 722 2034 μέρους.
776 1953 899 2015 τοῦ
943 1946 1018 2014 δὲ
1049 1911 1279 2016 Ὀνίου
1317 1946 1481 2036 μήτε
1518 1975 1749 2038 αρχειν
1780 1947 2013 2016 θέλειν
2044 1943 2227 2019 ἀπο·-

223 2048 665 2139 κριναμένου,
721 2050 832 2118 καὶ
887 2046 1013 2138 τὴν
1064 2046 1568 2140 ἀρχιερωσύνην
1629 2047 1736 2139 δ’,
1794 2056 1855 2119 εἰ
1895 2048 2212 2135 δυνατόν,

227 2156 500 2241 ἑτοίμως
529 2157 706 2240 ἔχειν
733 2148 1122 2222 ἀποθέσθαι
1161 2156 1507 2243 λέγοντος,
1548 2155 1709 2244 μήτε
1749 2150 2213 2241 ἀναβήσεσθαι

224 2254 390 2343 πρὸς
424 2253 543 2323 τὸν
580 2257 857 2343 βασιλέα
901 2257 1172 2343 (μέλειν
1211 2255 1340 2345 γὰρ
1384 2254 1590 2327 οὐδὲν
1634 2253 1817 2350 αὐτῷ
1855 2258 2011 2346 περὶ
2050 2254 2212 2324 τού-
2248 2291 2310 2330 20

223 2362 423 2443 των),
469 2362 532 2424 εί
568 2357 970 2445 πρεσβεύειν
998 2355 1182 2451 αὐτῷ
1229 2356 1396 2444 πρὸς
1435 2359 1555 2429 τὸν
1597 2368 2019 2447 Πτολεμαῖον
2047 2379 2218 2446 avy—

223 2472 431 2547 χωρεῖ
464 2454 636 2546 ὑπὲρ
669 2467 788 2528 τοῦ
829 2466 1077 2541 ἔθνους
1111 2460 1514 2551 ἐπηρώτησε.
1543 2537 1554 2550 ,
1601 2462 1936 2551 φήσαντος
1962 2462 2038 2531 δὲ
2066 2463 2215 2530 ε’πι-

226 2563 528 2649 τρέπειν,
563 2557 818 2650 ἀναβάς
848 2567 941 2644 εἰς
974 2560 1048 2631 τὸ
1086 2562 1272 2651 ἱερὸν
1311 2561 1347 2633 ὁ
1383 2562 1693 2654 Ἰώσηπος
1732 2567 1845 2634 καὶ
1884 2564 2216 2653 συγκαλέ-

228 2689 346 2745 σας
371 2660 446 2732 τὸ
475 2670 732 2751 πλῆθος
767 2671 860 2744 είς
889 2669 1279 2753 ἐκκλησίαν,
1318 2669 1530 2757 μηδὲν
1566 2668 2011 2757 ταράττεσθαι
2046 2665 2218 2755 μηδὲ

230 2775 594 2858 φοβεῖσθαι
620 2767 909 2859 παρῄνει
934 2766 1048 2838 διὰ
1084 2768 1206 2857 τὴν
1225 2767 1455 2841 Ὀνίου
1497 2777 1617 2841 τοῦ
1660 2777 1862 2841 θείου
1882 2772 2055 2859 ,περὶ
2084 2764 2216 2838 αὐ·
2250 2797 2310 2837 25

230 2878 366 2940 τῶν
395 2868 744 2959 ἀμέλειαν,
791 2867 938 2942 ἀλλ’
987 2874 1060 2941 ἐν
1099 2868 1295 2965 ἀδείᾳ
1334 2882 1469 2944 τῶν
1499 2871 1629 2944 ἀπὸ
1656 2880 1771 2961 τῆς
1806 2884 2216 2961 σκυθρωπο-

230 2977 420 3060 τέρας
448 2976 717 3053 ἐλπίδος
745 2974 1052 3045 διάνοιαν
1091 2972 1339 3059 αὐτούς
1381 2983 1556 3065 ἔχειν
1598 2973 1822 3064 ἠξίου·
1880 2974 2218 3066 πρεσβεύ-

194 3095 377 3142 ·σειν
433 3074 559 3165 γὰρ
615 3072 817 3158 αὐτὸς
868 3080 1310 3166 ἐπηγγέλλετο
1368 3078 1535 3170 πρὸς
1576 3077 1693 3149 τὸν
1739 3081 2054 3168 βασιλέα,
2101 3081 2220 3147 καὶ

233 3180 491 3244 πείσειν
521 3175 799 3248 αύτὸν”
760 3207 862 3249 οτι
887 3181 1099 3270 μηδὲν
1126 3177 1498 3252 ἀδικοῦσιν.
1560 3184 1673 3251 καὶ
1702 3180 1775 3252 τὸ
1803 3182 1928 3271 μὲν
1955 3188 2219 3269 πλῆθος

231 3274 486 3342 τούτων
526 3275 826 3350 ἀκοῦσαν
863 3282 1249 3373 ῆύχαρίστει
1305 3314 1394 3355 τω
1438 3283 1763 3379 Ἰωσήπῳ,
1807 3281 2098 3373 καταβᾲς
2140 3280 2213 3353 δ’
2256 3315 2313 3357 :³⁰

229 3400 430 3452 αυτῡς
458 3372 586 3445 ἀπὸ
616 3389 734 3449 τοῦ
765 3388 950 3472 ἱεροῦ
985 3393 1168 3479 ξενίᾳ
1195 3416 1266 3458 τε
1296 3385 1688 3477 ὑποδέχεται
1729 3387 1846 3458 τὸν
1888 3385 2067 3477 παρὰ
2096 3414 2219 3456 του

229 3482 648 3561 Πτολεμαίου
690 3489 1268 3579 πεπρεσβευκότα,
1320 3495 1429 3562 καὶ
1488 3491 1958 3583 δωρησάμενος
2005 3486 2219 3560 αὐτὸν
