<?xml version="1.0" encoding="UTF-8"?>
<!DOCTYPE html PUBLIC "-//W3C//DTD XHTML 1.0 Transitional//EN"
    "http://www.w3.org/TR/xhtml1/DTD/xhtml1-transitional.dtd">
<html xmlns="http://www.w3.org/1999/xhtml" xml:lang="en" lang="en">
 <head>
  <title>
</title>
<meta http-equiv="Content-Type" content="text/html;charset=utf-8" />
  <meta name='ocr-system' content='tesseract 3.04.00' />
  <meta name='ocr-capabilities' content='ocr_page ocr_carea ocr_par ocr_line ocrx_word'/>
</head>
<body>
  <div class='ocr_page' id='page_1' title='image "./flaviiiosephiop00josegoog_0142.png"; bbox 0 0 2500 3882; ppageno 0'>
   <div class='ocr_carea' id='block_1_1' title="bbox 206 111 1518 191">
    <p class='ocr_par' dir='ltr' id='par_1_1' title="bbox 206 111 1518 191">
     <span class='ocr_line' id='line_1_1' title="bbox 206 111 1518 191; baseline 0 -18"><span class='ocrx_word' id='word_1_1' title='bbox 206 111 324 174; x_wconf 88' lang='lat'><strong><em>132</em></strong></span> <span class='ocrx_word' id='word_1_2' title='bbox 646 179 651 191; x_wconf 58' lang='grc'><strong><em>,</em></strong></span> <span class='ocrx_word' id='word_1_3' title='bbox 881 111 1518 174; x_wconf 72' lang='grc' dir='ltr'><strong><em>ΑΡΧΑΙοΛοΓῑΑΣ</em></strong></span> 
     </span>
    </p>
   </div>
   <div class='ocr_carea' id='block_1_2' title="bbox 108 276 2300 1508">
    <p class='ocr_par' dir='ltr' id='par_1_2' title="bbox 199 276 2271 1096">
     <span class='ocr_line' id='line_1_2' title="bbox 199 276 2206 374; baseline -0.003 -17"><span class='ocrx_word' id='word_1_4' title='bbox 199 283 514 356; x_wconf 77' lang='grc' dir='ltr'><strong><em>Ἰωάννου</em></strong></span> <span class='ocrx_word' id='word_1_5' title='bbox 542 289 742 373; x_wconf 82' lang='grc' dir='ltr'><strong><em>δίκην</em></strong></span> <span class='ocrx_word' id='word_1_6' title='bbox 778 277 938 373; x_wconf 85' lang='grc' dir='ltr'><strong><em>παρ’</em></strong></span> <span class='ocrx_word' id='word_1_7' title='bbox 985 279 1214 353; x_wconf 73' lang='grc' dir='ltr'><strong><em>αὐτῶν</em></strong></span> <span class='ocrx_word' id='word_1_8' title='bbox 1254 285 1366 353; x_wconf 77' lang='grc' dir='ltr'><strong><em>ἐπὶ</em></strong></span> <span class='ocrx_word' id='word_1_9' title='bbox 1399 291 1649 374; x_wconf 83' lang='grc' dir='ltr'><strong><em>πολλῆς</em></strong></span> <span class='ocrx_word' id='word_1_10' title='bbox 1681 286 1985 368; x_wconf 83' lang='grc' dir='ltr'><strong><em>ἐξουσίας</em></strong></span> <span class='ocrx_word' id='word_1_11' title='bbox 2026 276 2206 352; x_wconf 77' lang='grc' dir='ltr'><strong><em>ὑπο-</em></strong></span> 
     </span>
     <span class='ocr_line' id='line_1_3' title="bbox 209 383 2206 485; baseline -0.004 -25"><span class='ocrx_word' id='word_1_12' title='bbox 209 388 565 479; x_wconf 80' lang='grc' dir='ltr'><strong><em>λαβόντες,</em></strong></span> <span class='ocrx_word' id='word_1_13' title='bbox 618 384 1006 485; x_wconf 74' lang='grc' dir='ltr'><strong><em>ἐξώρμησαν</em></strong></span> <span class='ocrx_word' id='word_1_14' title='bbox 1054 392 1146 467; x_wconf 87' lang='grc' dir='ltr'><strong><em>εἰς</em></strong></span> <span class='ocrx_word' id='word_1_15' title='bbox 1177 386 1524 477; x_wconf 88' lang='grc' dir='ltr'><strong><em>Μηδάβαν.</em></strong></span> <span class='ocrx_word' id='word_1_16' title='bbox 1563 391 1677 458; x_wconf 85' lang='grc' dir='ltr'><strong><em>καὶ</em></strong></span> <span class='ocrx_word' id='word_1_17' title='bbox 1715 385 1872 470; x_wconf 76' lang='grc' dir='ltr'><strong><em>τούς</em></strong></span> <span class='ocrx_word' id='word_1_18' title='bbox 1912 383 2206 476; x_wconf 77' lang='grc' dir='ltr'><strong><em>ἐχθροὺς</em></strong></span> 
     </span>
     <span class='ocr_line' id='line_1_4' title="bbox 213 484 2204 586; baseline -0.003 -24"><span class='ocrx_word' id='word_1_19' title='bbox 213 496 288 563; x_wconf 81' lang='grc' dir='ltr'><strong><em>ἐν</em></strong></span> <span class='ocrx_word' id='word_1_20' title='bbox 314 499 406 586; x_wconf 73' lang='grc' dir='ltr'><strong><em>τῷ</em></strong></span> <span class='ocrx_word' id='word_1_21' title='bbox 435 487 581 582; x_wconf 79' lang='grc' dir='ltr'><strong><em>ὄρει</em></strong></span> <span class='ocrx_word' id='word_1_22' title='bbox 607 497 930 578; x_wconf 76' lang='grc' dir='ltr'><strong><em>λοχῶντες</em></strong></span> <span class='ocrx_word' id='word_1_23' title='bbox 960 495 1215 577; x_wconf 83' lang='grc' dir='ltr'><strong><em>ἔμενον.</em></strong></span> <span class='ocrx_word' id='word_1_24' title='bbox 1279 487 1368 571; x_wconf 77' lang='grc' dir='ltr'><strong><em>ὡς</em></strong></span> <span class='ocrx_word' id='word_1_25' title='bbox 1403 490 1479 560; x_wconf 69' lang='grc' dir='ltr'><strong><em>δὲ</em></strong></span> <span class='ocrx_word' id='word_1_26' title='bbox 1509 491 1691 562; x_wconf 84' lang='grc' dir='ltr'><strong><em>εἶδον</em></strong></span> <span class='ocrx_word' id='word_1_27' title='bbox 1718 486 1967 570; x_wconf 78' lang='grc' dir='ltr'><strong><em>αὐτοὺς</em></strong></span> <span class='ocrx_word' id='word_1_28' title='bbox 1992 484 2204 576; x_wconf 67' lang='grc' dir='ltr'><strong><em>ἄνον-</em></strong></span> 
     </span>
     <span class='ocr_line' id='line_1_5' title="bbox 208 586 2235 685; baseline -0.003 -20"><span class='ocrx_word' id='word_1_29' title='bbox 208 621 326 677; x_wconf 90' lang='grc' dir='ltr'><strong><em>τας</em></strong></span> <span class='ocrx_word' id='word_1_30' title='bbox 352 593 476 683; x_wconf 87' lang='grc' dir='ltr'><strong><em>τὴν</em></strong></span> <span class='ocrx_word' id='word_1_31' title='bbox 504 596 850 685; x_wconf 77' lang='grc' dir='ltr'><strong><em>παρθένον</em></strong></span> <span class='ocrx_word' id='word_1_32' title='bbox 883 594 1008 661; x_wconf 62' lang='lat' dir='ltr'><strong><em>aab</em></strong></span> <span class='ocrx_word' id='word_1_33' title='bbox 1026 590 1145 662; x_wconf 88' lang='grc' dir='ltr'><strong><em>τὸν</em></strong></span> <span class='ocrx_word' id='word_1_34' title='bbox 1173 601 1476 682; x_wconf 83' lang='grc' dir='ltr'><strong><em>νυμφίον</em></strong></span> <span class='ocrx_word' id='word_1_35' title='bbox 1503 597 1617 665; x_wconf 84' lang='grc' dir='ltr'><strong><em>καὶ</em></strong></span> <span class='ocrx_word' id='word_1_36' title='bbox 1647 601 1870 683; x_wconf 86' lang='grc' dir='ltr'><strong><em>φίλων</em></strong></span> <span class='ocrx_word' id='word_1_37' title='bbox 1902 590 2032 674; x_wconf 76' lang='grc' dir='ltr'><strong><em>σὺν</em></strong></span> <span class='ocrx_word' id='word_1_38' title='bbox 2071 586 2235 660; x_wconf 80' lang='grc' dir='ltr'><strong><em>αὐ·-</em></strong></span> 
     </span>
     <span class='ocr_line' id='line_1_6' title="bbox 210 692 2271 787; baseline -0.004 -19"><span class='ocrx_word' id='word_1_39' title='bbox 210 713 348 780; x_wconf 79' lang='grc' dir='ltr'><strong><em>τοῖς</em></strong></span> <span class='ocrx_word' id='word_1_40' title='bbox 374 693 520 767; x_wconf 82' lang='grc' dir='ltr'><strong><em>οἷον</em></strong></span> <span class='ocrx_word' id='word_1_41' title='bbox 551 695 726 776; x_wconf 83' lang='grc' dir='ltr'><strong><em>εἰκὸς</em></strong></span> <span class='ocrx_word' id='word_1_42' title='bbox 754 700 828 766; x_wconf 80' lang='grc' dir='ltr'><strong><em>ἐν</em></strong></span> <span class='ocrx_word' id='word_1_43' title='bbox 855 696 1089 784; x_wconf 75' lang='grc' dir='ltr'><strong><em>γάμοις</em></strong></span> <span class='ocrx_word' id='word_1_44' title='bbox 1130 692 1367 785; x_wconf 73' lang='grc' dir='ltr'><strong><em>ὄχλον,</em></strong></span> <span class='ocrx_word' id='word_1_45' title='bbox 1407 694 1952 787; x_wconf 80' lang='grc' dir='ltr'><strong><em>ἀναπηδήσαντες</em></strong></span> <span class='ocrx_word' id='word_1_46' title='bbox 1986 697 2057 764; x_wconf 82' lang='grc' dir='ltr'><strong><em>ἐκ</em></strong></span> <span class='ocrx_word' id='word_1_47' title='bbox 2084 698 2204 781; x_wconf 77' lang='grc' dir='ltr'><strong><em>τῆς</em></strong></span> <span class='ocrx_word' id='word_1_48' title='bbox 2240 720 2271 760; x_wconf 81' lang='lat'>5</span> 
     </span>
     <span class='ocr_line' id='line_1_7' title="bbox 213 793 2207 891; baseline -0.003 -21"><span class='ocrx_word' id='word_1_49' title='bbox 213 803 488 891; x_wconf 78' lang='grc' dir='ltr'><strong><em>ἐνέδρας</em></strong></span> <span class='ocrx_word' id='word_1_50' title='bbox 526 797 925 868; x_wconf 84' lang='grc' dir='ltr'><strong><em>ἀπέκτειναν</em></strong></span> <span class='ocrx_word' id='word_1_51' title='bbox 964 794 1293 887; x_wconf 77' lang='grc' dir='ltr'><strong><em>ἅπαντας,</em></strong></span> <span class='ocrx_word' id='word_1_52' title='bbox 1335 801 1450 874; x_wconf 83' lang='grc' dir='ltr'><strong><em>καὶ</em></strong></span> <span class='ocrx_word' id='word_1_53' title='bbox 1490 801 1608 871; x_wconf 90' lang='grc' dir='ltr'><strong><em>τὸν</em></strong></span> <span class='ocrx_word' id='word_1_54' title='bbox 1647 801 1900 888; x_wconf 83' lang='grc' dir='ltr'><strong><em>κόσμον</em></strong></span> <span class='ocrx_word' id='word_1_55' title='bbox 1933 793 2045 876; x_wconf 72' lang='grc' dir='ltr'><strong><em>καὶ</em></strong></span> <span class='ocrx_word' id='word_1_56' title='bbox 2079 793 2207 884; x_wconf 82' lang='grc' dir='ltr'><strong><em>τὴν</em></strong></span> 
     </span>
     <span class='ocr_line' id='line_1_8' title="bbox 212 898 2208 995; baseline -0.003 -22"><span class='ocrx_word' id='word_1_57' title='bbox 212 901 423 992; x_wconf 68' lang='grc' dir='ltr'><strong><em>ἄλλην</em></strong></span> <span class='ocrx_word' id='word_1_58' title='bbox 465 898 591 990; x_wconf 77' lang='grc' dir='ltr'><strong><em>ὅση</em></strong></span> <span class='ocrx_word' id='word_1_59' title='bbox 632 901 780 972; x_wconf 91' lang='grc' dir='ltr'><strong><em>τότε</em></strong></span> <span class='ocrx_word' id='word_1_60' title='bbox 826 906 1045 970; x_wconf 80' lang='grc' dir='ltr'><strong><em>εἵπετο</em></strong></span> <span class='ocrx_word' id='word_1_61' title='bbox 1090 909 1237 974; x_wconf 82' lang='grc' dir='ltr'><strong><em>λεία</em></strong></span> <span class='ocrx_word' id='word_1_62' title='bbox 1278 918 1415 984; x_wconf 79' lang='grc' dir='ltr'><strong><em>τοῖς</em></strong></span> <span class='ocrx_word' id='word_1_63' title='bbox 1459 901 1849 995; x_wconf 79' lang='grc' dir='ltr'><strong><em>ἀνθρώποις</em></strong></span> <span class='ocrx_word' id='word_1_64' title='bbox 1886 898 2208 989; x_wconf 81' lang='grc' dir='ltr'><strong><em>λαβόντες</em></strong></span> 
     </span>
     <span class='ocr_line' id='line_1_9' title="bbox 210 1000 2208 1096; baseline -0.002 -21"><span class='ocrx_word' id='word_1_65' title='bbox 210 1002 660 1093; x_wconf 80' lang='grc' dir='ltr'><strong><em>ὑπέστρεψαν.</em></strong></span> <span class='ocrx_word' id='word_1_66' title='bbox 729 1006 843 1074; x_wconf 83' lang='grc' dir='ltr'><strong><em>καὶ</em></strong></span> <span class='ocrx_word' id='word_1_67' title='bbox 882 1011 1209 1094; x_wconf 85' lang='grc' dir='ltr'><strong><em>τιμωρίαν</em></strong></span> <span class='ocrx_word' id='word_1_68' title='bbox 1243 1005 1368 1094; x_wconf 75' lang='grc' dir='ltr'><strong><em>μὲν</em></strong></span> <span class='ocrx_word' id='word_1_69' title='bbox 1411 1002 1583 1096; x_wconf 71' lang='grc' dir='ltr'><strong><em>ὑπὲρ</em></strong></span> <span class='ocrx_word' id='word_1_70' title='bbox 1618 1004 1934 1076; x_wconf 87' lang='grc' dir='ltr'><strong><em>Ἰωάννου</em></strong></span> <span class='ocrx_word' id='word_1_71' title='bbox 1966 1000 2208 1073; x_wconf 85' lang='grc' dir='ltr'><strong><em>τάδελ-</em></strong></span> 
     </span>
    </p>

    <p class='ocr_par' dir='ltr' id='par_1_3' title="bbox 108 1103 2300 1508">
     <span class='ocr_line' id='line_1_10' title="bbox 108 1103 2204 1200; baseline -0.002 -21"><span class='ocrx_word' id='word_1_72' title='bbox 108 1189 115 1200; x_wconf 15' lang='grc' dir='ltr'>ἢ</span> <span class='ocrx_word' id='word_1_73' title='bbox 214 1114 350 1198; x_wconf 84' lang='grc' dir='ltr'><strong><em>φοῦ</em></strong></span> <span class='ocrx_word' id='word_1_74' title='bbox 405 1105 584 1198; x_wconf 75' lang='grc' dir='ltr'><strong><em>παρὰ</em></strong></span> <span class='ocrx_word' id='word_1_75' title='bbox 641 1115 779 1177; x_wconf 73' lang='grc' dir='ltr'><strong><em>τῶν</em></strong></span> <span class='ocrx_word' id='word_1_76' title='bbox 836 1111 1010 1177; x_wconf 76' lang='grc' dir='ltr'><strong><em>υἱῶν</em></strong></span> <span class='ocrx_word' id='word_1_77' title='bbox 1057 1103 1423 1197; x_wconf 78' lang='grc' dir='ltr'><strong><em>Ἀμαραίου</em></strong></span> <span class='ocrx_word' id='word_1_78' title='bbox 1468 1109 1786 1197; x_wconf 79' lang='grc' dir='ltr'><strong><em>τοιαύτην</em></strong></span> <span class='ocrx_word' id='word_1_79' title='bbox 1832 1105 2204 1195; x_wconf 83' lang='grc' dir='ltr'><strong><em>ἀπέλαβον·</em></strong></span> 
     </span>
     <span class='ocr_line' id='line_1_11' title="bbox 212 1200 2300 1302; baseline -0.002 -21"><span class='ocrx_word' id='word_1_80' title='bbox 212 1207 413 1281; x_wconf 78' lang='grc' dir='ltr'><strong><em>αὐτοί</em></strong></span> <span class='ocrx_word' id='word_1_81' title='bbox 445 1238 516 1280; x_wconf 89' lang='grc' dir='ltr'><strong><em>τε</em></strong></span> <span class='ocrx_word' id='word_1_82' title='bbox 543 1208 682 1300; x_wconf 76' lang='grc' dir='ltr'><strong><em>,γὰρ</em></strong></span> <span class='ocrx_word' id='word_1_83' title='bbox 726 1200 912 1280; x_wconf 79' lang='grc' dir='ltr'><strong><em>οὗτοι</em></strong></span> <span class='ocrx_word' id='word_1_84' title='bbox 950 1211 1065 1279; x_wconf 83' lang='grc' dir='ltr'><strong><em>καὶ</em></strong></span> <span class='ocrx_word' id='word_1_85' title='bbox 1097 1216 1168 1280; x_wconf 77' lang='grc' dir='ltr'><strong><em>οἱ</em></strong></span> <span class='ocrx_word' id='word_1_86' title='bbox 1204 1212 1653 1302; x_wconf 81' lang='grc' dir='ltr'><strong><em>συνεπόμενοι</em></strong></span> <span class='ocrx_word' id='word_1_87' title='bbox 1695 1218 1881 1301; x_wconf 91' lang='grc' dir='ltr'><strong><em>φίλοι</em></strong></span> <span class='ocrx_word' id='word_1_88' title='bbox 1918 1211 2032 1298; x_wconf 82' lang='grc' dir='ltr'><strong><em>καὶ</em></strong></span> <span class='ocrx_word' id='word_1_89' title='bbox 2072 1236 2203 1297; x_wconf 63' lang='grc' dir='ltr'><strong><em>γυτ-</em></strong></span> <span class='ocrx_word' id='word_1_90' title='bbox 2247 1238 2300 1277; x_wconf 88' lang='grc' dir='ltr'><strong><em>ιο</em></strong></span> 
     </span>
     <span class='ocr_line' id='line_1_12' title="bbox 212 1308 2204 1406; baseline -0.002 -22"><span class='ocrx_word' id='word_1_91' title='bbox 212 1330 440 1396; x_wconf 83' lang='grc' dir='ltr'><strong><em>ναῖκες</em></strong></span> <span class='ocrx_word' id='word_1_92' title='bbox 486 1310 714 1384; x_wconf 74' lang='grc' dir='ltr'><strong><em>αὐτῶν</em></strong></span> <span class='ocrx_word' id='word_1_93' title='bbox 754 1315 871 1385; x_wconf 82' lang='grc' dir='ltr'><strong><em>καὶ</em></strong></span> <span class='ocrx_word' id='word_1_94' title='bbox 919 1312 1119 1384; x_wconf 84' lang='grc' dir='ltr'><strong><em>τέκνα</em></strong></span> <span class='ocrx_word' id='word_1_95' title='bbox 1173 1314 1679 1406; x_wconf 79' lang='grc' dir='ltr'><strong><em>διεφθάρησαν,</em></strong></span> <span class='ocrx_word' id='word_1_96' title='bbox 1728 1312 1916 1394; x_wconf 81' lang='grc' dir='ltr'><strong><em>ὄντες</em></strong></span> <span class='ocrx_word' id='word_1_97' title='bbox 1963 1308 2204 1394; x_wconf 62' lang='lat'><strong><em>‹531⁸-</em></strong></span> 
     </span>
     <span class='ocr_line' id='line_1_13' title="bbox 213 1416 574 1508; baseline 0 -22"><span class='ocrx_word' id='word_1_98' title='bbox 213 1416 574 1508; x_wconf 85' lang='grc' dir='ltr'><strong><em>τρακόσιοι.</em></strong></span> 
     </span>
    </p>
   </div>
   <div class='ocr_carea' id='block_1_3' title="bbox 40 1487 2208 1610">
    <p class='ocr_par' dir='ltr' id='par_1_4' title="bbox 40 1487 2208 1610">
     <span class='ocr_line' id='line_1_14' title="bbox 40 1487 2208 1610; baseline 0.001 -27"><span class='ocrx_word' id='word_1_99' title='bbox 40 1525 47 1544; x_wconf 72' lang='lat'><em>³</em></span> <span class='ocrx_word' id='word_1_100' title='bbox 155 1531 189 1583; x_wconf 83' lang='lat'>5</span> <span class='ocrx_word' id='word_1_101' title='bbox 371 1526 611 1607; x_wconf 85' lang='grc' dir='ltr'><strong><em>Σίμων</em></strong></span> <span class='ocrx_word' id='word_1_102' title='bbox 632 1518 755 1608; x_wconf 72' lang='grc' dir='ltr'><strong><em>μὲν</em></strong></span> <span class='ocrx_word' id='word_1_103' title='bbox 793 1500 922 1590; x_wconf 88' lang='grc' dir='ltr'><strong><em>ουν</em></strong></span> <span class='ocrx_word' id='word_1_104' title='bbox 966 1522 1078 1592; x_wconf 84' lang='grc' dir='ltr'><strong><em>καὶ</em></strong></span> <span class='ocrx_word' id='word_1_105' title='bbox 1102 1516 1423 1610; x_wconf 80' lang='grc' dir='ltr'><strong><em>Ἰωνάθης</em></strong></span> <span class='ocrx_word' id='word_1_106' title='bbox 1471 1529 1565 1604; x_wconf 79' lang='grc' dir='ltr'><strong><em>εἰς</em></strong></span> <span class='ocrx_word' id='word_1_107' title='bbox 1591 1519 1670 1591; x_wconf 80' lang='grc' dir='ltr'><strong><em>τὰ</em></strong></span> <span class='ocrx_word' id='word_1_108' title='bbox 1707 1487 1820 1609; x_wconf 88' lang='grc' dir='ltr'><strong><em>ελη</em></strong></span> <span class='ocrx_word' id='word_1_109' title='bbox 1849 1526 1970 1590; x_wconf 83' lang='grc' dir='ltr'><strong><em>τοῦ</em></strong></span> <span class='ocrx_word' id='word_1_110' title='bbox 1997 1545 2208 1589; x_wconf 90' lang='grc' dir='ltr'><strong><em>ποτα-</em></strong></span> 
     </span>
    </p>
   </div>
   <div class='ocr_carea' id='block_1_4' title="bbox 86 1618 2312 3596">
    <p class='ocr_par' dir='ltr' id='par_1_5' title="bbox 86 1618 2312 3596">
     <span class='ocr_line' id='line_1_15' title="bbox 212 1618 2210 1744; baseline 0 -54"><span class='ocrx_word' id='word_1_111' title='bbox 212 1627 345 1744; x_wconf 83' lang='grc' dir='ltr'><em>μοῦ</em></span> <span class='ocrx_word' id='word_1_112' title='bbox 391 1618 930 1742; x_wconf 82' lang='grc' dir='ltr'><strong><em>ὑποστρέψαντες</em></strong></span> <span class='ocrx_word' id='word_1_113' title='bbox 985 1620 1234 1693; x_wconf 86' lang='grc' dir='ltr'><strong><em>αυτόθι</em></strong></span> <span class='ocrx_word' id='word_1_114' title='bbox 1279 1627 1690 1715; x_wconf 80' lang='grc' dir='ltr'><strong><em>κατέμενον,</em></strong></span> <span class='ocrx_word' id='word_1_115' title='bbox 1742 1628 2078 1712; x_wconf 84' lang='grc' dir='ltr'><strong><em>Βακχίδης</em></strong></span> <span class='ocrx_word' id='word_1_116' title='bbox 2129 1620 2210 1690; x_wconf 90' lang='grc' dir='ltr'><strong><em>δε</em></strong></span> 
     </span>
     <span class='ocr_line' id='line_1_16' title="bbox 86 1719 2305 1818; baseline 0 -26"><span class='ocrx_word' id='word_1_117' title='bbox 86 1795 96 1810; x_wconf 38' lang='lat'><em>!</em></span> <span class='ocrx_word' id='word_1_118' title='bbox 213 1721 337 1812; x_wconf 86' lang='grc' dir='ltr'><strong><em>τὴν</em></strong></span> <span class='ocrx_word' id='word_1_119' title='bbox 370 1720 704 1793; x_wconf 78' lang='grc' dir='ltr'><strong><em>Ἰουδαίαν</em></strong></span> <span class='ocrx_word' id='word_1_120' title='bbox 743 1719 1007 1793; x_wconf 78' lang='grc' dir='ltr'><strong><em>ἅπασαν</em></strong></span> <span class='ocrx_word' id='word_1_121' title='bbox 1051 1743 1385 1818; x_wconf 87' lang='grc' dir='ltr'><strong><em>φρουραις</em></strong></span> <span class='ocrx_word' id='word_1_122' title='bbox 1439 1726 1978 1816; x_wconf 76' lang='grc' dir='ltr'><strong><em>ἀσφαλισάμενος</em></strong></span> <span class='ocrx_word' id='word_1_123' title='bbox 2034 1721 2207 1795; x_wconf 88' lang='grc' dir='ltr'><strong><em>υπέ-</em></strong></span> <span class='ocrx_word' id='word_1_124' title='bbox 2246 1754 2305 1795; x_wconf 82' lang='lat'><strong><em>15</em></strong></span> 
     </span>
     <span class='ocr_line' id='line_1_17' title="bbox 214 1823 2283 1921; baseline 0 -25"><span class='ocrx_word' id='word_1_125' title='bbox 214 1842 458 1916; x_wconf 85' lang='grc' dir='ltr'><strong><em>στρεψε</em></strong></span> <span class='ocrx_word' id='word_1_126' title='bbox 494 1824 663 1914; x_wconf 88' lang='grc' dir='ltr'><strong><em>πρὸς</em></strong></span> <span class='ocrx_word' id='word_1_127' title='bbox 690 1823 808 1895; x_wconf 88' lang='grc' dir='ltr'><strong><em>τὸν</em></strong></span> <span class='ocrx_word' id='word_1_128' title='bbox 837 1830 1132 1915; x_wconf 84' lang='grc' dir='ltr'><strong><em>βασιλέα.</em></strong></span> <span class='ocrx_word' id='word_1_129' title='bbox 1214 1832 1329 1899; x_wconf 83' lang='grc' dir='ltr'><strong><em>καὶ</em></strong></span> <span class='ocrx_word' id='word_1_130' title='bbox 1355 1830 1503 1901; x_wconf 85' lang='grc' dir='ltr'><strong><em>τότε</em></strong></span> <span class='ocrx_word' id='word_1_131' title='bbox 1533 1832 1658 1921; x_wconf 71' lang='grc' dir='ltr'><strong><em>μὲν</em></strong></span> <span class='ocrx_word' id='word_1_132' title='bbox 1696 1827 1795 1900; x_wconf 82' lang='grc' dir='ltr'><strong><em>ἐπ’</em></strong></span> <span class='ocrx_word' id='word_1_133' title='bbox 1830 1836 1942 1918; x_wconf 81' lang='grc' dir='ltr'><strong><em>ἔτη</em></strong></span> <span class='ocrx_word' id='word_1_134' title='bbox 1972 1828 2097 1897; x_wconf 83' lang='grc' dir='ltr'><strong><em>δύο</em></strong></span> <span class='ocrx_word' id='word_1_135' title='bbox 2125 1855 2211 1896; x_wconf 88' lang='grc' dir='ltr'><strong><em>τα</em></strong></span> <span class='ocrx_word' id='word_1_136' title='bbox 2274 1847 2283 1854; x_wconf 91' lang='grc'><em>“</em></span> 
     </span>
     <span class='ocr_line' id='line_1_18' title="bbox 214 1925 2211 2024; baseline -0.002 -22"><span class='ocrx_word' id='word_1_137' title='bbox 214 1957 352 2002; x_wconf 88' lang='grc' dir='ltr'><strong><em>των</em></strong></span> <span class='ocrx_word' id='word_1_138' title='bbox 384 1926 733 2001; x_wconf 87' lang='grc' dir='ltr'><strong><em>Ἰουδαίων</em></strong></span> <span class='ocrx_word' id='word_1_139' title='bbox 773 1925 1061 2020; x_wconf 82' lang='grc' dir='ltr'><strong><em>ήρέμησε</em></strong></span> <span class='ocrx_word' id='word_1_140' title='bbox 1103 1930 1490 2022; x_wconf 78' lang='grc' dir='ltr'><strong><em>πράγματα·</em></strong></span> <span class='ocrx_word' id='word_1_141' title='bbox 1548 1939 1620 2005; x_wconf 74' lang='grc' dir='ltr'><strong><em>οἱ</em></strong></span> <span class='ocrx_word' id='word_1_142' title='bbox 1653 1934 1728 2004; x_wconf 73' lang='grc' dir='ltr'><strong><em>δὲ</em></strong></span> <span class='ocrx_word' id='word_1_143' title='bbox 1764 1932 2066 2024; x_wconf 83' lang='grc' dir='ltr'><strong><em>φυγάδες</em></strong></span> <span class='ocrx_word' id='word_1_144' title='bbox 2092 1931 2211 2000; x_wconf 80' lang='grc' dir='ltr'><strong><em>καὶ</em></strong></span> 
     </span>
     <span class='ocr_line' id='line_1_19' title="bbox 116 2028 2209 2126; baseline -0.002 -19"><span class='ocrx_word' id='word_1_145' title='bbox 116 2052 122 2069; x_wconf 64' lang='grc'><strong>“</strong></span> <span class='ocrx_word' id='word_1_146' title='bbox 215 2038 284 2107; x_wconf 77' lang='grc' dir='ltr'><strong><em>οἱ</em></strong></span> <span class='ocrx_word' id='word_1_147' title='bbox 318 2031 583 2124; x_wconf 78' lang='grc' dir='ltr'><strong><em>ἀσεβεῖς</em></strong></span> <span class='ocrx_word' id='word_1_148' title='bbox 624 2028 913 2122; x_wconf 78' lang='grc' dir='ltr'><strong><em>ορῶντες</em></strong></span> <span class='ocrx_word' id='word_1_149' title='bbox 951 2032 1071 2104; x_wconf 90' lang='grc' dir='ltr'><strong><em>τὸν</em></strong></span> <span class='ocrx_word' id='word_1_150' title='bbox 1103 2031 1434 2124; x_wconf 81' lang='grc' dir='ltr'><strong><em>Ἰωνάθην</em></strong></span> <span class='ocrx_word' id='word_1_151' title='bbox 1486 2040 1600 2109; x_wconf 83' lang='grc' dir='ltr'><strong><em>καὶ</em></strong></span> <span class='ocrx_word' id='word_1_152' title='bbox 1645 2036 1803 2118; x_wconf 81' lang='grc' dir='ltr'><strong><em>τούς</em></strong></span> <span class='ocrx_word' id='word_1_153' title='bbox 1844 2034 1990 2107; x_wconf 78' lang='grc' dir='ltr'><strong><em>σὺν</em></strong></span> <span class='ocrx_word' id='word_1_154' title='bbox 2019 2031 2209 2126; x_wconf 78' lang='grc' dir='ltr'><strong><em>αὐτῷ</em></strong></span> 
     </span>
     <span class='ocr_line' id='line_1_20' title="bbox 214 2133 2213 2237; baseline 0.001 -32"><span class='ocrx_word' id='word_1_155' title='bbox 214 2135 380 2226; x_wconf 79' lang='grc' dir='ltr'><strong><em>μετὰ</em></strong></span> <span class='ocrx_word' id='word_1_156' title='bbox 420 2142 668 2227; x_wconf 83' lang='grc' dir='ltr'><strong><em>πολλῆς</em></strong></span> <span class='ocrx_word' id='word_1_157' title='bbox 710 2133 940 2218; x_wconf 85' lang='grc' dir='ltr'><strong><em>ἀδείας</em></strong></span> <span class='ocrx_word' id='word_1_158' title='bbox 980 2139 1525 2237; x_wconf 77' lang='grc' dir='ltr'><strong><em>ἐνδιατρίβοντας</em></strong></span> <span class='ocrx_word' id='word_1_159' title='bbox 1573 2147 1653 2231; x_wconf 80' lang='grc' dir='ltr'><strong><em>τῇ</em></strong></span> <span class='ocrx_word' id='word_1_160' title='bbox 1690 2136 1874 2232; x_wconf 70' lang='grc' dir='ltr'><strong><em>χώρᾳ</em></strong></span> <span class='ocrx_word' id='word_1_161' title='bbox 1923 2135 2037 2208; x_wconf 75' lang='grc' dir='ltr'><strong><em>διὰ</em></strong></span> <span class='ocrx_word' id='word_1_162' title='bbox 2083 2133 2213 2225; x_wconf 82' lang='grc' dir='ltr'><strong><em>τὴν</em></strong></span> 
     </span>
     <span class='ocr_line' id='line_1_21' title="bbox 196 2237 2308 2332; baseline 0.003 -23"><span class='ocrx_word' id='word_1_163' title='bbox 196 2240 517 2331; x_wconf 81' lang='grc' dir='ltr'><strong><em>εἰρήνην,</em></strong></span> <span class='ocrx_word' id='word_1_164' title='bbox 546 2243 894 2325; x_wconf 75' lang='grc' dir='ltr'><strong><em>πέμπουσι.</em></strong></span> <span class='ocrx_word' id='word_1_165' title='bbox 911 2237 1079 2328; x_wconf 86' lang='grc' dir='ltr'><strong><em>πρὸς</em></strong></span> <span class='ocrx_word' id='word_1_166' title='bbox 1102 2242 1494 2332; x_wconf 82' lang='grc' dir='ltr'><strong><em>Δημήτριον</em></strong></span> <span class='ocrx_word' id='word_1_167' title='bbox 1514 2241 1633 2315; x_wconf 86' lang='grc' dir='ltr'><strong><em>τὸν</em></strong></span> <span class='ocrx_word' id='word_1_168' title='bbox 1657 2244 1955 2331; x_wconf 85' lang='grc' dir='ltr'><strong><em>βασιλέα,</em></strong></span> <span class='ocrx_word' id='word_1_169' title='bbox 1985 2267 2209 2331; x_wconf 86' lang='grc' dir='ltr'><strong><em>παρα-</em></strong></span> <span class='ocrx_word' id='word_1_170' title='bbox 2242 2273 2308 2316; x_wconf 68' lang='grc' dir='ltr'><strong><em>2ο</em></strong></span> 
     </span>
     <span class='ocr_line' id='line_1_22' title="bbox 218 2337 2213 2434; baseline 0 -22"><span class='ocrx_word' id='word_1_171' title='bbox 218 2350 582 2422; x_wconf 84' lang='grc' dir='ltr'><strong><em>καλοῦντες</em></strong></span> <span class='ocrx_word' id='word_1_172' title='bbox 611 2337 995 2411; x_wconf 79' lang='grc' dir='ltr'><strong><em>ἀποστεῖλαι</em></strong></span> <span class='ocrx_word' id='word_1_173' title='bbox 1021 2350 1362 2433; x_wconf 88' lang='grc' dir='ltr'><strong><em>Βακχίδην</em></strong></span> <span class='ocrx_word' id='word_1_174' title='bbox 1402 2348 1510 2429; x_wconf 81' lang='grc' dir='ltr'><strong><em>ἐπὶ</em></strong></span> <span class='ocrx_word' id='word_1_175' title='bbox 1547 2344 1669 2434; x_wconf 83' lang='grc' dir='ltr'><strong><em>τὴν</em></strong></span> <span class='ocrx_word' id='word_1_176' title='bbox 1688 2342 2013 2415; x_wconf 83' lang='grc' dir='ltr'><strong><em>Ἰωνάθου</em></strong></span> <span class='ocrx_word' id='word_1_177' title='bbox 2038 2342 2213 2414; x_wconf 85' lang='grc' dir='ltr'><strong><em>σύλ-</em></strong></span> 
     </span>
     <span class='ocr_line' id='line_1_23' title="bbox 218 2440 2214 2537; baseline 0.001 -23"><span class='ocrx_word' id='word_1_178' title='bbox 218 2452 446 2532; x_wconf 86' lang='grc' dir='ltr'><strong><em>ληψιν.</em></strong></span> <span class='ocrx_word' id='word_1_179' title='bbox 499 2443 789 2532; x_wconf 80' lang='grc' dir='ltr'><strong><em>ἐδήλουν</em></strong></span> <span class='ocrx_word' id='word_1_180' title='bbox 808 2473 937 2533; x_wconf 74' lang='grc' dir='ltr'><strong><em>γαρ</em></strong></span> <span class='ocrx_word' id='word_1_181' title='bbox 959 2441 1195 2534; x_wconf 81' lang='grc' dir='ltr'><strong><em>αὐτὴν</em></strong></span> <span class='ocrx_word' id='word_1_182' title='bbox 1203 2440 1475 2528; x_wconf 87' lang='grc' dir='ltr'><strong><em>ἀπόνως</em></strong></span> <span class='ocrx_word' id='word_1_183' title='bbox 1495 2450 1841 2537; x_wconf 80' lang='grc' dir='ltr'><strong><em>ἐσομένην,</em></strong></span> <span class='ocrx_word' id='word_1_184' title='bbox 1872 2449 1986 2518; x_wconf 85' lang='grc' dir='ltr'><strong><em>καὶ</em></strong></span> <span class='ocrx_word' id='word_1_185' title='bbox 2011 2448 2214 2519; x_wconf 82' lang='grc' dir='ltr'><strong><em>νυκτὶ</em></strong></span> 
     </span>
     <span class='ocr_line' id='line_1_24' title="bbox 219 2544 2214 2640; baseline 0.003 -25"><span class='ocrx_word' id='word_1_186' title='bbox 219 2554 340 2640; x_wconf 79' lang='grc' dir='ltr'><strong><em>μιᾷ</em></strong></span> <span class='ocrx_word' id='word_1_187' title='bbox 398 2544 488 2636; x_wconf 80' lang='grc' dir='ltr'><strong><em>μὴ</em></strong></span> <span class='ocrx_word' id='word_1_188' title='bbox 545 2551 1012 2638; x_wconf 78' lang='grc' dir='ltr'><strong><em>προσδοκῶσιν</em></strong></span> <span class='ocrx_word' id='word_1_189' title='bbox 1058 2545 1286 2630; x_wconf 76' lang='grc' dir='ltr'><strong><em>αυτοῖς</em></strong></span> <span class='ocrx_word' id='word_1_190' title='bbox 1333 2549 1770 2632; x_wconf 84' lang='grc' dir='ltr'><strong><em>ἐπιπεσόντας</em></strong></span> <span class='ocrx_word' id='word_1_191' title='bbox 1809 2547 2214 2627; x_wconf 76' lang='grc' dir='ltr'><strong><em>ἀποκτενεῖν</em></strong></span> 
     </span>
     <span class='ocr_line' id='line_1_25' title="bbox 222 2649 2213 2747; baseline 0.002 -28"><span class='ocrx_word' id='word_1_192' title='bbox 222 2678 534 2731; x_wconf 89' lang='grc' dir='ltr'><strong><em>απαντας.</em></strong></span> <span class='ocrx_word' id='word_1_193' title='bbox 616 2656 737 2719; x_wconf 85' lang='grc' dir='ltr'><strong><em>τοῦ</em></strong></span> <span class='ocrx_word' id='word_1_194' title='bbox 770 2649 844 2719; x_wconf 73' lang='grc' dir='ltr'><strong><em>δὲ</em></strong></span> <span class='ocrx_word' id='word_1_195' title='bbox 873 2652 1209 2739; x_wconf 81' lang='grc' dir='ltr'><strong><em>βασιλέως</em></strong></span> <span class='ocrx_word' id='word_1_196' title='bbox 1219 2654 1676 2742; x_wconf 82' lang='grc' dir='ltr'><strong><em>ἐκπέμψαντος</em></strong></span> <span class='ocrx_word' id='word_1_197' title='bbox 1701 2652 1820 2724; x_wconf 88' lang='grc' dir='ltr'><strong><em>τὸν</em></strong></span> <span class='ocrx_word' id='word_1_198' title='bbox 1845 2657 2213 2747; x_wconf 85' lang='grc' dir='ltr'><strong><em>Βακχίδην,</em></strong></span> 
     </span>
     <span class='ocr_line' id='line_1_26' title="bbox 222 2743 2309 2849; baseline -0 -24"><span class='ocrx_word' id='word_1_199' title='bbox 222 2753 582 2844; x_wconf 80' lang='grc' dir='ltr'><strong><em>γενόμενος</em></strong></span> <span class='ocrx_word' id='word_1_200' title='bbox 620 2743 817 2837; x_wconf 81' lang='grc' dir='ltr'><strong><em>οὗτος</em></strong></span> <span class='ocrx_word' id='word_1_201' title='bbox 855 2757 930 2823; x_wconf 85' lang='grc' dir='ltr'><strong><em>έν</em></strong></span> <span class='ocrx_word' id='word_1_202' title='bbox 967 2760 1049 2844; x_wconf 81' lang='grc' dir='ltr'><strong><em>τῇ</em></strong></span> <span class='ocrx_word' id='word_1_203' title='bbox 1084 2750 1380 2849; x_wconf 77' lang='grc' dir='ltr'><strong><em>Ἰουδαίᾳ</em></strong></span> <span class='ocrx_word' id='word_1_204' title='bbox 1406 2763 1610 2827; x_wconf 83' lang='grc' dir='ltr'><strong><em>πᾶσιν</em></strong></span> <span class='ocrx_word' id='word_1_205' title='bbox 1645 2763 1897 2846; x_wconf 80' lang='grc' dir='ltr'><strong><em>ἔγραψε</em></strong></span> <span class='ocrx_word' id='word_1_206' title='bbox 1924 2772 2059 2838; x_wconf 81' lang='grc' dir='ltr'><strong><em>τοῖς</em></strong></span> <span class='ocrx_word' id='word_1_207' title='bbox 2087 2762 2222 2845; x_wconf 87' lang='grc' dir='ltr'><strong><em>φί-.</em></strong></span> <span class='ocrx_word' id='word_1_208' title='bbox 2247 2783 2309 2824; x_wconf 73' lang='lat'><strong><em>25</em></strong></span> 
     </span>
     <span class='ocr_line' id='line_1_27' title="bbox 222 2853 2217 2957; baseline 0 -29"><span class='ocrx_word' id='word_1_209' title='bbox 222 2867 364 2939; x_wconf 87' lang='grc' dir='ltr'><strong><em>λοις</em></strong></span> <span class='ocrx_word' id='word_1_210' title='bbox 403 2858 516 2927; x_wconf 83' lang='grc' dir='ltr'><strong><em>καὶ</em></strong></span> <span class='ocrx_word' id='word_1_211' title='bbox 548 2853 895 2957; x_wconf 86' lang='grc' dir='ltr'><strong><em>Ἰουδαίοις</em></strong></span> <span class='ocrx_word' id='word_1_212' title='bbox 933 2860 1048 2928; x_wconf 86' lang='grc' dir='ltr'><strong><em>καὶ</em></strong></span> <span class='ocrx_word' id='word_1_213' title='bbox 1073 2858 1440 2948; x_wconf 88' lang='grc' dir='ltr'><strong><em>συμμάχοις</em></strong></span> <span class='ocrx_word' id='word_1_214' title='bbox 1481 2867 1844 2949; x_wconf 78' lang='grc' dir='ltr'><strong><em>συλλαβεῖν</em></strong></span> <span class='ocrx_word' id='word_1_215' title='bbox 1882 2856 2064 2952; x_wconf 74' lang='grc' dir='ltr'><strong><em>αυτῷ</em></strong></span> <span class='ocrx_word' id='word_1_216' title='bbox 2091 2886 2217 2928; x_wconf 88' lang='grc' dir='ltr'><strong><em>τον</em></strong></span> 
     </span>
     <span class='ocr_line' id='line_1_28' title="bbox 214 2953 2218 3053; baseline 0 -22"><span class='ocrx_word' id='word_1_217' title='bbox 214 2958 562 3050; x_wconf 89' lang='grc' dir='ltr'><strong><em>Ἰωνάθην.</em></strong></span> <span class='ocrx_word' id='word_1_218' title='bbox 605 2953 1121 3045; x_wconf 78' lang='grc' dir='ltr'><strong><em>σπουδαζόντων</em></strong></span> <span class='ocrx_word' id='word_1_219' title='bbox 1149 2962 1224 3032; x_wconf 75' lang='grc' dir='ltr'><strong><em>δὲ</em></strong></span> <span class='ocrx_word' id='word_1_220' title='bbox 1253 2963 1526 3033; x_wconf 87' lang='grc' dir='ltr'><strong><em>πάντων</em></strong></span> <span class='ocrx_word' id='word_1_221' title='bbox 1552 2966 1666 3033; x_wconf 87' lang='grc' dir='ltr'><strong><em>καὶ</em></strong></span> <span class='ocrx_word' id='word_1_222' title='bbox 1691 2960 1782 3053; x_wconf 88' lang='grc' dir='ltr'><strong><em>μὴ</em></strong></span> <span class='ocrx_word' id='word_1_223' title='bbox 1810 2965 2218 3052; x_wconf 88' lang='grc' dir='ltr'><strong><em>δυναμένων</em></strong></span> 
     </span>
     <span class='ocr_line' id='line_1_29' title="bbox 222 3058 2216 3157; baseline 0.002 -24"><span class='ocrx_word' id='word_1_224' title='bbox 222 3071 548 3152; x_wconf 81' lang='grc' dir='ltr'><strong><em>κρατῆσαι</em></strong></span> <span class='ocrx_word' id='word_1_225' title='bbox 587 3069 710 3133; x_wconf 84' lang='grc' dir='ltr'><strong><em>τοῦ</em></strong></span> <span class='ocrx_word' id='word_1_226' title='bbox 745 3058 1071 3135; x_wconf 88' lang='grc' dir='ltr'><strong><em>Ἰωνάθου</em></strong></span> <span class='ocrx_word' id='word_1_227' title='bbox 1111 3066 1543 3154; x_wconf 79' lang='grc' dir='ltr'><strong><em>(ἐφυλάττετο</em></strong></span> <span class='ocrx_word' id='word_1_228' title='bbox 1584 3064 1710 3157; x_wconf 80' lang='grc' dir='ltr'><strong><em>γὰρ</em></strong></span> <span class='ocrx_word' id='word_1_229' title='bbox 1765 3067 2033 3156; x_wconf 88' lang='grc' dir='ltr'><strong><em>σφόδρα</em></strong></span> <span class='ocrx_word' id='word_1_230' title='bbox 2086 3064 2216 3154; x_wconf 82' lang='grc' dir='ltr'><strong><em>τὴν</em></strong></span> 
     </span>
     <span class='ocr_line' id='line_1_30' title="bbox 222 3162 2217 3270; baseline 0.003 -38"><span class='ocrx_word' id='word_1_231' title='bbox 222 3163 592 3253; x_wconf 81' lang='grc' dir='ltr'><strong><em>ἐπιβουλὴν</em></strong></span> <span class='ocrx_word' id='word_1_232' title='bbox 619 3162 1063 3270; x_wconf 74' lang='grc' dir='ltr'><strong><em>ᾐσθημένος),</em></strong></span> <span class='ocrx_word' id='word_1_233' title='bbox 1100 3195 1136 3236; x_wconf 94' lang='grc' dir='ltr'><strong><em>ο</em></strong></span> <span class='ocrx_word' id='word_1_234' title='bbox 1164 3174 1499 3261; x_wconf 86' lang='grc' dir='ltr'><strong><em>Βακχίδης</em></strong></span> <span class='ocrx_word' id='word_1_235' title='bbox 1535 3164 1881 3261; x_wconf 76' lang='grc' dir='ltr'><strong><em>ὀργισθεὶς</em></strong></span> <span class='ocrx_word' id='word_1_236' title='bbox 1906 3184 2044 3249; x_wconf 84' lang='grc' dir='ltr'><strong><em>τοῖς</em></strong></span> <span class='ocrx_word' id='word_1_237' title='bbox 2071 3197 2217 3257; x_wconf 85' lang='grc' dir='ltr'><strong><em>φυ-</em></strong></span> 
     </span>
     <span class='ocr_line' id='line_1_31' title="bbox 221 3261 2312 3361; baseline 0.007 -31"><span class='ocrx_word' id='word_1_238' title='bbox 221 3263 422 3350; x_wconf 76' lang='grc' dir='ltr'><strong><em>γάσιν</em></strong></span> <span class='ocrx_word' id='word_1_239' title='bbox 449 3261 536 3345; x_wconf 78' lang='grc' dir='ltr'><strong><em>ὥς</em></strong></span> <span class='ocrx_word' id='word_1_240' title='bbox 561 3271 1006 3356; x_wconf 82' lang='grc' dir='ltr'><strong><em>ψευσαμένοις</em></strong></span> <span class='ocrx_word' id='word_1_241' title='bbox 1043 3266 1253 3341; x_wconf 77' lang='grc' dir='ltr'><strong><em>αὐτόν</em></strong></span> <span class='ocrx_word' id='word_1_242' title='bbox 1288 3299 1361 3341; x_wconf 91' lang='grc' dir='ltr'><strong><em>τε</em></strong></span> <span class='ocrx_word' id='word_1_243' title='bbox 1387 3274 1498 3342; x_wconf 84' lang='grc' dir='ltr'><strong><em>καὶ</em></strong></span> <span class='ocrx_word' id='word_1_244' title='bbox 1525 3270 1646 3344; x_wconf 82' lang='grc' dir='ltr'><strong><em>τὸν</em></strong></span> <span class='ocrx_word' id='word_1_245' title='bbox 1677 3273 1989 3361; x_wconf 86' lang='grc' dir='ltr'><strong><em>βασιλέα,</em></strong></span> <span class='ocrx_word' id='word_1_246' title='bbox 2038 3298 2230 3342; x_wconf 87' lang='grc' dir='ltr'><strong><em>πεν-</em></strong></span> <span class='ocrx_word' id='word_1_247' title='bbox 2247 3303 2312 3345; x_wconf 75' lang='lat' dir='ltr'><strong><em>ao</em></strong></span> 
     </span>
     <span class='ocr_line' id='line_1_32' title="bbox 220 3362 2209 3502; baseline 0.007 -72"><span class='ocrx_word' id='word_1_248' title='bbox 220 3362 504 3449; x_wconf 78' lang='grc' dir='ltr'><strong><em>τήκοντα</em></strong></span> <span class='ocrx_word' id='word_1_249' title='bbox 532 3375 757 3439; x_wconf 81' lang='grc' dir='ltr'><strong><em>αυτων</em></strong></span> <span class='ocrx_word' id='word_1_250' title='bbox 787 3368 943 3451; x_wconf 82' lang='grc' dir='ltr'><strong><em>τούς</em></strong></span> <span class='ocrx_word' id='word_1_251' title='bbox 970 3368 1390 3462; x_wconf 77' lang='grc' dir='ltr'><strong><em>ἡγουμένους</em></strong></span> <span class='ocrx_word' id='word_1_252' title='bbox 1409 3374 1768 3502; x_wconf 85' lang='grc' dir='ltr'><strong><em>συλλαβων</em></strong></span> <span class='ocrx_word' id='word_1_253' title='bbox 1795 3373 2209 3448; x_wconf 82' lang='grc' dir='ltr'><strong><em>ἀπέκτεινεν.</em></strong></span> 
     </span>
     <span class='ocr_line' id='line_1_33' title="bbox 222 3456 2254 3596; baseline 0.009 -66.652"><span class='ocrx_word' id='word_1_254' title='bbox 222 3458 369 3531; x_wconf 68' lang='grc' dir='ltr'><strong><em>ὁδε</em></strong></span> <span class='ocrx_word' id='word_1_255' title='bbox 391 3456 733 3554; x_wconf 87' lang='grc' dir='ltr'><strong><em>Ἰωνάθης</em></strong></span> <span class='ocrx_word' id='word_1_256' title='bbox 730 3469 863 3540; x_wconf 87' lang='grc' dir='ltr'><strong><em>συν</em></strong></span> <span class='ocrx_word' id='word_1_257' title='bbox 889 3470 1200 3573; x_wconf 75' lang='grc' dir='ltr'><strong><em>τάδελφῷ</em></strong></span> <span class='ocrx_word' id='word_1_258' title='bbox 1241 3480 1357 3549; x_wconf 87' lang='grc' dir='ltr'><strong><em>καὶ</em></strong></span> <span class='ocrx_word' id='word_1_259' title='bbox 1398 3494 1535 3562; x_wconf 81' lang='grc' dir='ltr'><strong><em>τοῖς</em></strong></span> <span class='ocrx_word' id='word_1_260' title='bbox 1572 3479 1705 3552; x_wconf 88' lang='grc' dir='ltr'><strong><em>συν</em></strong></span> <span class='ocrx_word' id='word_1_261' title='bbox 1733 3476 1914 3575; x_wconf 73' lang='grc' dir='ltr'><strong><em>αὐτῷ</em></strong></span> <span class='ocrx_word' id='word_1_262' title='bbox 1945 3484 2042 3563; x_wconf 81' lang='grc' dir='ltr'><strong><em>εἰς</em></strong></span> <span class='ocrx_word' id='word_1_263' title='bbox 2065 3485 2211 3596; x_wconf 75' lang='grc' dir='ltr'><strong><em>Βη-</em></strong></span> <span class='ocrx_word' id='word_1_264' title='bbox 2251 3524 2254 3525; x_wconf 30' lang='lat'><em>⁷</em></span> 
     </span>
    </p>
   </div>
  </div>
 </body>
</html>
