2500 3882
983 115 1337 175 ΔΩΔΕΚΑ
1343 117 1464 175 ΤΗ
2133 112 2213 174 95

393 283 410 308 ⁶
376 286 583 375 ημὲν
622 275 750 355 οὖν
793 285 1105 375 ἐπιστολὴ
1147 283 1187 377 ἡ
1228 298 1618 376 πεμφθεῖσα
1644 285 1824 378 παρὰ
1851 294 1973 357 τοῦ
1997 295 2218 359 Λακε-
2254 309 2314 362 11

241 397 601 479 δαιμονίων
626 390 952 478 βασιλέως
978 396 1219 460 τοῦτον
1250 406 1542 481 περιεῖχε
1580 388 1710 460 τὸν
1732 390 2015 482 τρόπον,
2045 389 2215 462 ἄπο-

242 493 564 573 θανόντος
608 493 683 561 δὲ
717 488 1039 580 Ἰωσήπου
1086 490 1207 562 τὸν
1247 492 1414 564 λαὸν
1452 496 1703 582 συνέβη
1732 494 2074 565 στασιάσαι
2104 496 2217 566 διὰ

245 595 390 676 τοὺς
431 584 678 676 παῖδας
719 591 1175 665 abnuo-1:622
1229 595 1360 687 γὰρ
1403 599 1878 722 πρεσβυτέρων
1923 597 2217 687 πόλεμον

190 728 215 769 5
245 698 767 786 ἐξενεγκαμένων
822 695 988 784 πρὸς
1019 693 1377 789 Τρκαυόν,
1433 696 1508 781 ὃς
1559 691 1644 789 ἦν
1699 701 2044 780 νεώτατος
2082 709 2218 774 τῶν

60 734 63 901 ,
238 799 544 891 Ἰωσήπου
569 803 848 887 τέκνων,
883 802 1106 891 διέστη
1134 799 1223 870 τὸ
1236 810 1527 892 πλῆθος,
1557 806 1671 873 καὶ
1701 803 1917 893 οἱμὲν
1943 811 2221 885 πλείους

60 906 63 987 l
247 919 374 986 τοῖς
410 906 888 993 πρεσβυτέροις
930 904 1355 993 συνεμαχουν
1393 907 1505 975 καὶ
1541 903 1643 975 6'
1608 905 1955 996 αρχιερεύς
1979 915 2219 996 Σίμων

60 994 61 1013 ¹
245 1007 350 1078 διὰ
368 1002 490 1096 τὴν
510 1009 930 1096 συγγένειαν.
981 1004 1016 1076 6
1040 1004 1450 1097 δὲ”Τρκανὸς
1484 1012 1887 1080 ἐπανελθεῖν
1906 1010 2031 1098 μὲν
2050 1007 2217 1080 οὐκ-

244 1112 331 1181 έτι
358 1113 604 1198 διέγνω
634 1116 727 1191 εἰς
745 1105 1203 1200 Ἱεροσόλυμα,
1237 1120 1700 1199 προσκαθίσας
1741 1113 1815 1182 δὲ
1842 1129 1978 1194 τοϊς
2007 1116 2219 1204 πέραν

182 1243 222 1282 ιο
244 1221 353 1284 τοῦ
375 1212 718 1304 Ἰορδάνου
746 1219 1043 1301 συνεχῶς
1072 1216 1376 1304 ἐπολέμει
1407 1211 1897 1304 τούς”Αραβας,
1936 1212 2026 1297 ὥς
2052 1225 2217 1285 πολ-

60 1264 63 1357 ,
240 1316 393 1397 λούς
431 1313 663 1385 αὐτῶν
700 1316 813 1385 καὶ
860 1313 1245 1387 ἀποκτεῖναι
1294 1320 1407 1387 καὶ
1459 1325 1695 1406 λαβεῖν
1743 1318 2217 1407 αἰχμαλώτους.
2303 1355 2313 1387 ι

240 1416 620 1512 ᾠκοδόμησε
662 1419 737 1489 δὲ
776 1424 977 1509 βᾶριν
1017 1418 1338 1509 ἰσχυράν,
1382 1424 1455 1491 ἐκ
1498 1428 1704 1492 λίθου
1734 1428 1988 1491 λευκοῦ
2014 1449 2219 1490 κατα-

240 1522 564 1602 σκευάσας
591 1545 858 1592 απασαν
886 1525 1086 1611 μέχρι
1124 1523 1239 1592 καὶ
1267 1529 1381 1612 τῆς
1415 1526 1679 1613 στέγης,
1726 1523 2062 1613 ἐγγλύψας
2088 1530 2220 1615 ζωα

239 1627 846 1714 παμμεγεθέστατα.
928 1624 1292 1715 περιήγαγε
1346 1627 1422 1697 δὲ
1464 1624 1636 1718 αυτῇ
1676 1654 1958 1717 ευριπον
2008 1630 2220 1756 μέγαν

168 1761 210 1801 15
241 1730 350 1798 καὶ
376 1728 646 1823 βαθύν·
705 1732 777 1798 ἐκ
830 1727 908 1797 δὲ
949 1735 1066 1817 τῆς
1107 1729 1515 1818 καταντικρύ
1554 1738 1676 1801 τοῦ
1710 1758 1913 1819 ορους
1953 1733 2217 1820 πέτρας,

234 1829 569 1918 διατεμων
595 1827 802 1920 αυτῆς
839 1828 911 1901 τὸ
945 1834 1263 1920 προέχον,
1292 1833 1583 1923 σπήλαια
1620 1842 1889 1904 πολλῶν
1928 1839 2222 1923 σταδίων

234 1933 301 2004 τὸ
344 1943 562 2024 μῆκος
601 1932 1126 2023 κατεσκεύασεν,
1172 1943 1399 2007 ἔπειτα
1438 1948 1668 2019 οἴκους
1710 1939 1784 2007 ἐν
1821 1934 2023 2028 αυτῇ,
2063 1933 2223 2018 τοὺς

234 2039 355 2126 μὲν
385 2044 482 2118 εἰς
508 2038 849 2126 συμπόσια
874 2038 1032 2120 τοὺς
1060 2038 1135 2108 δὲ
1164 2046 1261 2121 εἰς
1289 2035 1511 2109 ὕπνον
1537 2042 1650 2109 καὶ
1675 2046 1961 2127 δίαιταν,
1991 2045 2224 2127 ἐποίη-

234 2161 382 2211 σεν·
446 2136 720 2210 ὖδατων
752 2142 825 2211 δὲ
855 2141 1275 2211 διαθεόντων
1316 2149 1608 2231 πλῆθος,
1652 2170 1696 2212 α
1736 2143 1848 2209 καὶ
1882 2132 2183 2228 τέρψις
2139 2169 2225 2230 ην

159 2271 207 2312 2⁰
235 2245 344 2314 καὶ
373 2243 623 2333 κόσμος
648 2252 764 2338 τῆς
798 2241 1026 2375 αὐλῇς,
1057 2244 1388 2332 εἰσήγαγε
1466 2273 1547 2313 τα
1570 2246 1801 2333 μέντοι
1827 2242 2062 2332 στόμια
2089 2271 2226 2313 των

234 2353 620 2438 σπηλαίων,
691 2369 860 2417 ωστε
923 2351 1043 2417 ἕνα
1107 2344 1210 2417 δι’
1280 2339 1509 2417 αὐτων
1543 2346 1916 2418 εἰσδύνειν
1969 2348 2081 2417 καὶ
2131 2346 2223 2437 μὴ

234 2457 532 2537 πλείους,
561 2450 939 2541 βραχύτερα
967 2447 1219 2539 ἤνοιξε
1276 2452 1387 2520 καὶ
1418 2448 1608 2521 ταῦτ’
1641 2454 1967 2543 ἐπίτηδες,
2002 2448 2224 2540 ἄσφα-

236 2560 417 2635 λείας
451 2555 657 2629 ἕνεκα
711 2560 835 2623 τοῦ
881 2552 971 2642 μὴ
1015 2557 1489 2645 πολιορκηθεὶς
1542 2551 1676 2625 ὑπὸ
1716 2564 1854 2626 τῶν
1906 2552 2226 2643 ἀδελφῶν

238 2652 680 2726 κἰυδυνεῦσαι
724 2663 1046 2746 ληφθείς,
1107 2657 1574 2727 κατεσκεύασε.
1665 2656 2227 2751 προσῳκοδόμησε

60 2839 61 2848 2
152 2792 209 2833 25
245 2756 325 2826 δὲ
346 2760 456 2827 καὶ
486 2754 702 2840 αὐλὰς
729 2766 821 2851 τῷ
847 2762 1120 2847 μεγέθει
1149 2758 1632 2850 διαφερρύσας,
1658 2756 1736 2841 ἃς
1762 2763 1876 2830 καὶ
1900 2765 2228 2848 παραδεί-

235 2880 381 2943 σοις
421 2861 752 2951 ἐκόσμησε
795 2861 1190 2951 παμμήκεσι.
1261 2864 1376 2932 καὶ
1414 2869 1726 2933 τοιοῦτον
1762 2859 2229 2986 ἀπεργασάμε-

231 2992 349 3045 νος
402 2962 527 3036 τὸν
574 2965 785 3035 τόπον
840 2966 1062 3056 Τύρον
1103 2962 1472 3055 ὠνόμασεν.
1542 2955 1740 3046 οὗτος
1774 2961 1810 3034 6
1846 2964 2048 3044 τόπος
2090 2966 2227 3033 ἐστὶ

230 3067 482 3155 μεταξὺ
538 3075 656 3158 τῆς
694 3095 766 3137 τε
797 3064 1108 3160 Ἀραβίας
1144 3069 1260 3139 καὶ
1303 3076 1419 3158 τῆς
1454 3065 1810 3153 Ἰουδαίας,
1852 3069 2065 3158 πέραν
2105 3075 2225 3137 τοῦ

225 3158 598 3261 Ἰορδάνου,
627 3168 712 3241 οὗ
741 3170 971 3265 πόρρω
1005 3177 1121 3260 τῆς
1145 3169 1704 3260 Ἐσσεβωνίτιδος.
1766 3160 1923 3260 ἦρξε
1952 3167 2020 3239 δ’
2050 3172 2226 3240 ἐκεί-

159 3298 206 3341 ω
236 3300 382 3343 νων
435 3302 573 3344 των
625 3302 853 3365 μερων
909 3276 1016 3345 ἐπὶ
1058 3281 1171 3363 ἔτη
1217 3273 1414 3362 ἑπτά,
1455 3301 1671 3344 παντα
1703 3271 1825 3343 τὸν
1862 3270 2109 3365 χρόνον
2145 3270 2228 3344 ὃν

239 3379 579 3459 Σέλευκος
619 3384 736 3467 τῆς
781 3385 1042 3467 Συρίας
1081 3375 1535 3466 ἐβασίλευσεν.
1610 3374 2069 3458 ἀποθανόντος
2099 3373 2226 3463 γὰρ

239 3478 504 3569 τούτου,
534 3476 683 3570 μετ’
716 3476 930 3551 αὐτὸν
955 3477 992 3551 6
1021 3477 1315 3570 ἀδελφὸς
1347 3477 1675 3569 Ἀντίοχος
1705 3476 1741 3551 6
1767 3482 2048 3570 κληθεὶς
2075 3479 2225 3543 ἑπι-
