2500 3882
1049 104 1528 165 ΔΩΔΕΚΑΤΗ
2216 104 2292 165 85

290 276 691 345 πολυτελέσι
721 280 1004 363 δωρεαῖς
1031 277 1149 344 καὶ
1173 277 1281 344 ἐπὶ
1313 273 1568 354 πολλὰς
1596 274 1897 357 ἑστιάσας
1929 284 2291 366 φιλοτίμως

290 375 546 468 ἡμέρας
600 380 988 468 προέπεμψε
1049 372 1217 466 πρὸς
1268 376 1388 447 τὸν
1430 380 1739 503 βασιλέα,
1796 380 2058 467 φράσας
2103 378 2285 472 αυτῷ

290 483 407 550 καὶ
449 479 655 563 αὐτὸς
693 477 1211 579 ἀκολουθήσειν.
1270 483 1384 550 καὶ
1413 479 1544 570 γὰρ
1578 475 1673 550 ἔτι
1705 489 1960 569 μᾶλλον
1988 484 2285 571 ἐγεγόνει

288 582 649 672 πρόθυμος
675 582 842 673 πρὸς
881 580 1004 671 τὴν
1032 579 1263 670 ἄφιξιν
1300 581 1424 673 τὴν
1466 582 1664 673 παρὰ
1687 582 1806 654 τὸν
1845 588 2122 674 βασιλέα
2165 594 2287 655 τοῦ

230 715 259 752 5
290 693 713 777 πρεσβευτοῦ
779 687 1344 777 προτρεψαμένου
1399 689 1515 756 καὶ
1576 688 2129 811 παρορμήσαντος
2193 696 2285 769 εἰς

290 797 647 876 Αἴγυπτον
674 792 937 876 ἐλθεῖν,
983 791 1096 858 καὶ
1135 787 1408 859 πάντων
1449 817 1547 858 ων
1581 817 1666 858 αν
1695 793 1923 879 δέηται
1953 789 2133 881 παρὰ
2166 799 2286 860 τοῦ

289 898 719 980 Πτολεμαίου
765 907 991 979 τυχειν
1031 888 1240 961 αὐτὸν
1295 891 1603 981 ποιήσειν
1646 888 2141 981 ὑποσχομένου·
2210 893 2286 963 τὸ
2373 961 2386 967 -

293 991 422 1083 γὰρ
466 995 862 1084 ἐλευθέριον
898 990 1109 1064 αὐτοῦ
1152 996 1268 1063 καὶ
1308 993 1382 1064 τὸ
1432 995 1682 1084 σεμνὸν
1722 1003 1842 1065 τοῦ
1887 993 2105 1084 η’θους
2133 1003 2287 1066 λίαν

292 1094 659 1186 ἠγάπησεν.
2381 1088 2391 1099 ”

166 1223 260 1262 ν10
445 1201 560 1270 καὶ
612 1196 648 1269 ὁ
692 1199 819 1288 μὲν
873 1199 1286 1288 πρεσβευτὴς
1344 1198 1569 1270 ἐλθών
1622 1205 1714 1280 εἰς
1768 1197 1892 1288 τὴν
1934 1212 2347 1289 Αἴγυπτονὸ

114 1296 123 1305 ’
290 1299 656 1391 ἀπήγγειλε
682 1308 775 1395 τῷ
803 1309 1068 1392 βασιλεῖ
1091 1301 1216 1390 τὴν
1243 1309 1365 1371 τοῦ
1385 1300 1615 1372 Ὀνίου
1646 1300 2139 1391 ἀγνωμοσύνην
2171 1307 2283 1371 καὶ

289 1407 444 1492 περὶ
486 1412 603 1494 τῆς
641 1413 764 1475 τοῦ
815 1402 1137 1493 Ἰωσήπου
1185 1405 1622 1495 χρηστότητος
1675 1404 1958 1494 ἐδήλου,
2015 1406 2128 1474 καὶ
2185 1432 2286 1474 οτι

292 1510 521 1593 μέλλοι
564 1506 730 1599 πρὸς
776 1505 987 1577 αὐτὸν
1027 1504 1211 1597 ἥξειν
1266 1507 1840 1597 παραιτησόμενος
1890 1514 2028 1578 τῶν
2072 1504 2277 1597 ἆμαρ-

293 1606 602 1698 τημάτων
635 1609 709 1679 τὰ
740 1617 1031 1698 πλῆθος·
1068 1609 1240 1683 εἶναι
1268 1610 1396 1699 γὰρ
1424 1608 1638 1681 αὐτοῦ
1666 1611 2065 1702 προστάτην.
2123 1607 2286 1699 ἀμέ-

204 1721 256 1771 15
291 1721 395 1782 λει
421 1711 712 1802 τοσαύτῃ
742 1714 897 1810 περὶ
938 1719 1074 1782 τῶν
1113 1717 1472 1802 ἐγκωμίων,
1505 1721 1627 1784 τοῦ
1665 1721 2029 1784 νεανίσκου
2073 1715 2285 1783 διετέ-

287 1823 442 1885 λεσε
468 1815 811 1906 χρώμενος
844 1824 1199 1908 περιουσία
1227 1812 1535 1887 ὥστεκαὶ
1567 1814 1685 1886 τὸν
1712 1820 1989 1906 βασιλέα
2014 1819 2128 1886 καὶ
2156 1815 2281 1905 τὴν

286 1935 581 2007 γυναῖκα
607 1916 819 1989 αὐτοῦ
847 1916 1290 2010 Κλεοπάτραν
1332 1921 1789 2009 προδιέθηκεν
1816 1926 2077 2000 οἰκείως
2105 1926 2282 2008 ἔχειν

286 2020 455 2111 πρὸς
484 2021 604 2092 τὸν
635 2019 956 2111 Ἰώσηπον
996 2019 1186 2092 οὔπω
1230 2023 1551 2111 παρόντα.
1607 2019 1656 2091 ὁ
1697 2019 1806 2091 δὲ’
1799 2023 2102 2111 Ιωσηπος
2130 2028 2283 2091 δια-

286 2126 554 2214 πέμψας
580 2124 747 2214 πρὸς
773 2123 929 2228 τοὺς
957 2130 1199 2249 φίλους
1229 2131 1322 2204 εἰς
1349 2124 1777 2213 Σαμάρειαν,
1824 2128 1937 2191 καὶ
1967 2120 2282 2192 δανεισά-

205 2248 258 2290 2⁰
288 2255 491 2317 μενος
519 2225 849 2317 ἀργύριον
881 2229 995 2297 καὶ
1036 2226 1117 2296 τὰ
1157 2225 1327 2316 πρὸς
1366 2224 1504 2314 τὴν
1519 2224 1901 2315 ἀποδημίαν
1931 2224 2281 2313 ἑτοιμασά-

286 2358 524 2420 μενος,
568 2326 854 2419 ἐσθῆτάς
891 2358 962 2400 τε
1015 2332 1129 2399 καὶ
1181 2328 1537 2418 ἐκπώματα
1584 2332 1697 2399 καὶ
1751 2325 2113 2455 ὑποζύγια,
2169 2331 2282 2397 καὶ

285 2429 496 2503 ταῦθ’
539 2462 629 2514 ως
655 2435 811 2522 περὶ
851 2437 1206 2521 δισμυρίας
1246 2435 1543 2522 δραχμὰς
1580 2425 2277 2523 παρασκευασάμενος,

290 2542 385 2616 εἰς
419 2534 926 2625 Ἀλεξάνδρειαν
966 2539 1385 2625 παρεγένετο.
1460 2542 1649 2623 ἔτυχε
1699 2536 1773 2605 δὲ
1819 2526 1971 2605 nav?
2019 2539 2280 2605 ἐκεῖνον

292 2633 413 2707 τὸν
438 2637 678 2729 καιρὸν
706 2639 957 2718 πάντας
984 2634 1378 2727 ἀναβαίνειν
1406 2638 1568 2763 τοὺς
1584 2642 1655 2708 ἐκ
1684 2666 1820 2707 των
1853 2637 2116 2738 πόλεων
2142 2661 2281 2706 των

204 2761 261 2802 25
295 2748 409 2828 τῆς
451 2747 714 2832 Συρίας
760 2744 874 2811 καὶ
918 2749 1238 2830 Φοινίκης
1281 2769 1634 2832 πρωτους
1637 2737 1821 2809 καὶ’
1796 2735 2120 2830 άρχοντας
2171 2739 2281 2807 ἐπὶ

288 2841 415 2932 τὴν
441 2872 576 2914 των
603 2852 815 2915 τελων
843 2842 1058 2932 ωνήν·
1116 2841 1261 2913 κατ’
1297 2850 1439 2924 ἔτος
1466 2844 1540 2911 δὲ
1567 2848 1775 2911 ταῦτα
1800 2857 1937 2920 τοῖς
1966 2846 2279 2920 δυνατοῖς

286 2953 427 3016 τῶν
469 2949 546 3016 ἐν
589 2943 831 3038 ἑκάστῃ
865 2946 1057 3016 πόλει
1093 2940 1567 3035 ἐπίπρασκεν
1537 2971 1572 3012 ο
1599 2943 1934 3032 βασιλεύς.
1990 2938 2278 3028 ὁρῶντες
2333 2955 2336 2962 f

289 3040 420 3143 οὖν
462 3041 653 3121 οὗτοι
691 3047 858 3122 κατὰ
899 3048 1024 3137 τὴν
1067 3045 1231 3119 ὁδὸν
1272 3045 1392 3116 τὸν
1426 3042 1747 3134 Ἰώσηπον
1789 3043 2139 3132 ἐχλεύαζον
2169 3046 2279 3115 ἐπὶ

287 3158 491 3243 πενίᾳ
531 3154 644 3222 καὶ
682 3151 987 3241 λιτότητι.
1045 3148 1134 3233 ὥς
1161 3146 1228 3220 δ’
1281 3156 1374 3231 εἰς
1415 3146 1538 3237 τὴν
1566 3145 2072 3236 Ἀλεξάνδρειαν
2112 3144 2276 3237 ἀφι-

203 3279 257 3321 ao
288 3254 571 3343 κόμενος
618 3259 692 3326 ἐν
733 3257 1010 3344 Μέμφει
1050 3252 1169 3324 τὸν
1207 3254 1483 3341 βασιλέα
1529 3259 1947 3339 Πτολεμαῖον
1982 3246 2276 3338 ἤκουσεν

291 3354 475 3444 ὄντα,
505 3353 1050 3446 ὑπαντησόμενος
1079 3353 1261 3448 αὐτῷ
1291 3352 1665 3443 ἀνέβαινεν.
1717 3354 2171 3442 καθεζομένου
2199 3353 2276 3419 δὲ

293 3466 413 3530 τοῦ
441 3464 766 3548 βασιλέως
795 3462 902 3531 ἐπὶ
928 3456 1255 3548 ὀχήματος
1280 3456 1443 3548 μετὰ
1484 3465 1597 3546 τῆς
1626 3455 1945 3544 γυναικὸς
1973 3457 2087 3525 καὶ
2113 3451 2275 3539 μετὰ
