2500 3882
277 152 399 212 224
456 117 471 123 ⁶
935 152 1584 212 ΑΡΧΑΙΟΛΟΓΙΑΣ

175 392 181 402 ,
278 353 399 414 ρας
425 323 876 430 Μιθριδάτης,
906 323 982 393 τὸ
1011 323 1087 394 δὲ
1117 321 1475 414 εὖωνυμον
1492 321 1936 418 Ἀντίπατρος.
1991 345 2255 417 συμπε-

276 427 535 497 σόντων
561 428 635 497 δὲ
655 434 750 508 εἰς
774 427 989 516 μάχην
1016 434 1312 497 κλίνεται
1339 426 1414 497 τὸ
1442 456 1564 497 του
1536 425 2014 516 Μιθριδάτου
2042 428 2262 515 κέρας,

277 531 389 599 καὶ
417 541 668 601 παθειν
695 559 780 599 αν
806 507 1242 600 ἐκινδύνευσε
1272 527 1353 599 τὰ
1382 530 1765 619 δεινότατα,
1824 535 1888 600 εἰ
1935 528 2025 617 μὴ
2080 556 2265 619 παρα

273 631 397 721 τὴν
440 631 611 723 ᾐόνα
647 639 769 702 τοῦ
812 641 1113 720 ποταμοῦ
1167 632 1300 703 σὺν
1339 648 1473 715 τοῖς
1512 639 1782 713 οἰκείοις
1835 631 2266 723 στρατιώταις

266 732 691 824 Ἀντίπατρος
742 736 1109 864 παρέθεεν,
1165 732 1239 816 69
1281 734 1651 824 νενικηκώς
1690 731 1822 860 η’δη
1859 732 2020 830 τούς
2060 745 2263 804 πολε-
2298 766 2325 803 5
2391 761 2400 772 “

272 845 468 927 μίους
495 837 748 925 τὸνμὲν
781 836 1031 927 ῥύεται,
1060 841 1298 942 τρέπει
1317 838 1393 907 δὲ
1424 844 1516 920 εἰς
1545 839 1774 928 φυγὴν
1799 836 1956 919 τούς
1988 865 2265 927 νενικη-

271 940 469 1020 κότας
483 947 918 1028 Αἰγυπτίους.
978 946 1160 1030 αἱρεῖ·
1161 930 1260 1011 δὲ
1293 939 1521 1011 αὐτῶν
1546 944 1656 1012 καὶ
1685 939 1758 1012 τό
1786 940 2260 1031 στρατόπεδον,

275 1046 614 1131 ἐπιμείνας
655 1049 735 1132 τῇ
778 1039 1037 1132 διώξει,
1094 1044 1215 1115 τόν
1239 1071 1312 1114 τε
1342 1045 1787 1134 Μιθριδάτην
1815 1045 2037 1113 ἐκάλει
2066 1051 2259 1113 πλεῖ-

260 1151 432 1214 ’στον
468 1149 542 1215 ἐν
571 1152 651 1236 τῇ
688 1152 901 1237 τροπῇ
941 1147 1314 1235 διασχόντα.
1396 1155 1639 1218 ἔπεσον
1667 1150 1743 1218 δὲ
1785 1154 1923 1216 τῶν
1947 1146 2074 1234 μὲν
2104 1148 2260 1234 περὶ

272 1254 514 1318 τοῦτον
540 1245 937 1337 ὀκτακόσιοι,
979 1257 1115 1319 τῶν
1142 1250 1218 1319 δὲ
1254 1246 1695 1339 Ἀντιπάτρου
1740 1249 2255 1338 τεσσαράκοντα.
2293 1278 2342 1318 1⁰

268 1351 705 1441 Μιθριδάτης
740 1351 816 1420 δὲ
845 1354 1000 1440 περὶ
1034 1353 1293 1422 τούτων
1320 1355 1686 1426 ἐπιστέλλει
1702 1361 2013 1441 Καίσαρι,
2045 1358 2160 1440 τῆς
2185 1366 2275 1421 τε

204 1492 221 1503 ·
270 1463 463 1543 νίκης
489 1452 715 1535 αὐτοῖς
747 1483 882 1543 αμα
907 1458 1020 1525 καὶ
1058 1462 1172 1544 τῆς
1201 1464 1530 1544 σωτηρίας
1556 1466 1774 1527 αἴτιον
1803 1454 1920 1525 τὸν
1944 1452 2258 1526 Ἀντίπα-
2353 1469 2366 1480 '

270 1585 431 1646 τρον
485 1553 921 1645 ἀποφαίνων,
953 1554 1142 1642 ὥστε
1192 1557 1312 1628 τὸν
1352 1567 1663 1648 Καίσαρα
1699 1560 1845 1629 τότε
1891 1558 2015 1647 μὲν
2065 1561 2258 1629 ἐπαι-

269 1674 418 1729 νεῖν
446 1655 655 1729 αὐτόν
672 1711 691 1747 ,
739 1667 1107 1749 κεχρῆσθαι
1146 1661 1222 1730 δὲ
1247 1659 1431 1748 παρὰ
1458 1661 1674 1731 πάντα
1700 1659 1820 1732 τὸν
1845 1662 2137 1750 πόλεμον
2165 1667 2259 1741 εἰς

270 1759 353 1830 τὰ
378 1763 959 1831 κινδυνωδέστατα
984 1771 1077 1857 τῷ
1096 1761 1522 1857 Ἀντιπάτρῳ.
1581 1768 1693 1834 καὶ
1727 1761 1811 1853 δὴ
1841 1767 1953 1834 καὶ
1981 1770 2253 1853 τρωθῆ-
2295 1789 2344 1830 15

209 1882 248 1937 3
274 1891 385 1934 ναι
423 1866 675 1954 συνέβη
719 1862 897 1955 παρὰ
929 1864 1085 1949 τούς
1118 1863 1383 1957 ἀγῶνας
1419 1864 1623 1961 αὐτῷ.
1689 1868 2064 1955 καταλύσας
2091 1869 2274 1956 μέν-.

271 1996 372 2037 τοι
401 1975 664 2057 Καῖσαρ
707 1967 873 2057 μετὰ
915 1969 1164 2058 χρόνον
1196 1969 1316 2041 τὸν
1356 1970 1651 2061 πόλεμον
1687 1973 1801 2049 καὶ
1853 1978 1947 2054 εἰς
1988 1976 2258 2063 Συρίαν

272 2068 694 2153 ἀποπλεύσας
709 2074 975 2161 ἐτίμησε
989 2073 1313 2163 μεγάλως,
1327 2071 1622 2168 Τρκανω
1643 2073 1768 2163 μὲν
1785 2072 1910 2171 τὴν
1928 2071 2257 2165 ἀρχιερω-

270 2172 488 2263 σύνην
523 2174 925 2265 βεβαιώσας,
976 2173 1386 2271 Ἀντιπάτρω
1443 2177 1518 2249 δὲ
1555 2176 1902 2247 πολιτείαν
1940 2181 2015 2247 ἐν
2044 2173 2256 2267 Ῥώμῃ

271 2277 435 2358 δοὺς
460 2279 574 2346 καὶ
603 2276 921 2348 ἀτέλειαν
933 2286 1296 2368 πανταχοῦ.
2283 2311 2335 2351 20

427 2382 685 2467 λέγεται
714 2380 796 2449 δὲ
833 2377 967 2449 ὑπὸ
1001 2388 1270 2450 πολλων
1288 2379 1612 2473 Τρκαυὸν
1639 2383 1881 2474 ταύτης
1921 2389 2256 2471 κοινωνῆ-

271 2503 383 2550 σαι
410 2488 523 2568 τῆς
555 2489 899 2571 στρατείας
925 2484 1038 2553 καὶ
1067 2486 1299 2554 ἐλθειν
1344 2491 1439 2568 είς
1472 2496 1852 2575 Αἴγυπτον
1929 2501 2261 2575 μαρτυρεῖ

270 2585 353 2653 δέ
412 2610 543 2671 μου
608 2613 701 2653 τω
771 2584 965 2677 λόγω
999 2586 1332 2676 Στράβων
1386 2585 1421 2658 6
1476 2589 1846 2672 Καππάδοξ
1915 2592 2137 2677 λέγων
2188 2591 2254 2672 ἐξ
2325 2602 2338 2613 “

262 2683 563 2757 Ἀσινίου
615 2685 940 2777 ὀνόματος
975 2684 1190 2770 οὕτως
1233 2685 1441 2779 “usta
1481 2693 1557 2762 δὲ
1608 2690 1683 2761 τὸ
1744 2690 1864 2762 τὸν
1894 2690 2257 2784 Μιθριδά-

270 2819 393 2880 την
453 2796 787 2880 εἰσβαλεῖν
854 2796 947 2872 εἰς
1016 2821 1140 2881 την
1188 2803 1545 2882 Αἴγυπτον
1596 2796 1709 2864 καὶ
1745 2791 2071 2885 Ὑρκανὸν
2134 2793 2255 2864 τὸν
2289 2819 2342 2860 25

271 2922 410 2965 των
454 2893 798 2966 Ἰουδαίων
851 2891 1196 2985 αρχιερέαῖ
1289 2894 1325 2967 6
1379 2894 1447 2966 δ’
1523 2894 1725 2979 αὐτὸς
1782 2888 1977 2979 οὗτος
2027 2896 2256 2986 Στρά-

268 3006 427 3087 βων
438 2999 552 3067 καὶ
593 3000 729 3067 ἐν
694 3000 898 3091 ετέρω
928 2997 1132 3068 πάλιν
1160 3002 1225 3082 ἐξ
1245 2996 1684 3089 Ὑψικράτους
1722 2997 2066 3090 ὀνόματος
2077 3003 2259 3090 λέγει

270 3127 516 3187 ουτως,
558 3099 677 3171 τ’ὸν
701 3101 824 3189 μὲν
858 3100 1297 3226 Μιθριδάτην
1323 3106 1624 3187 ἐξελθεῖν
1648 3103 1878 3192 μόνον,
1918 3106 2258 3192 κληθέντα

272 3198 335 3268 δ’
370 3209 463 3281 εἰς
484 3200 866 3273 Ἀσκάλωνα
886 3198 1325 3295 Ἀντίπατρον
1363 3200 1483 3277 ὑπ’
1514 3202 1759 3295 αὐτοῦ,
1800 3204 1922 3278 τὸν
1946 3214 2061 3297 τῆς
2081 3203 2303 3280 'Iov-1

168 3376 178 3387 ,
271 3306 464 3379 δᾱίας
516 3305 947 3394 ἐπιμελητήν,
1000 3314 1405 3397 τρισχιλίους
1443 3306 1627 3404 αύτω
1655 3308 2054 3401 στρατιώτας
2073 3330 2249 3398 συμ-
2291 3333 2344 3374 30

283 3406 812 3494 παρασκευάσαι,
860 3409 972 3477 καὶ
1009 3408 1166 3491 τοὺς
1205 3407 1452 3493 αλλους
1498 3379 1831 3494 δυνάστας
1864 3414 2253 3506 προτρέψαι,

283 3508 686 3587 κοινωνῆσαι
702 3509 779 3577 δὲ
782 3515 929 3599 τῆς
937 3506 1283 3602 στρατείας
1295 3511 1446 3587 καὶ*
1446 3514 1753 3607 Υρκανὸν
1777 3515 1897 3623 τὸν
1920 3512 2266 3615 ἀρχιερέα.
