2500 3882
236 135 359 218 264
910 135 1288 195 APXAIOA
1297 135 1562 194 οΓῙΛΣ

236 305 461 395 χάνει,
512 300 640 394 ὑφ’
660 333 783 376 ,ων
831 302 977 375 κατ’
1009 312 1180 376 ald&
1214 310 1330 377 καὶ
1370 303 1629 394 πολλὴν
1675 303 2042 394 ἐντροπὴν
2055 329 2227 390 προ-

239 410 577 496 πεμφθεὶς
630 415 724 491 είς
779 407 944 496 τὴν
961 409 1159 479 πόλιν
1204 406 1347 480 ὑπὸ
1389 407 1832 496 Κλεοπάτρας
1865 414 2225 494 κατείχετο.

241 521 464 582 πεῖσαι
504 512 734 599 μέντοι
773 499 1003 599 μένειν
1034 509 1246 583 αυτὸν
1284 508 1411 581 οὐκ
1447 509 1766 599 ἠδυνήθη
1787 563 1810 598 ,
1851 516 1957 635 εἰς
1974 506 2228 597 Ῥώμην

241 614 680 703 ἐπειγόμενον
705 615 1028 703 χειμῶνός
1060 643 1131 685 τε
1160 642 1358 698 ουτος
1398 617 1513 684 καὶ
1549 621 1686 684 τῶν
1711 611 1880 683 κατὰ
1915 611 2042 700 τὴν
2060 609 2227 680 Ἰτα-

242 724 396 788 λίαν
424 720 500 786 ἐν
526 725 776 808 ταραχῇ
803 720 915 786 καὶ
944 718 1123 811 σάλω
1153 724 1378 810 πολλῷ
1408 719 1864 807 δηλουμένων.
2262 737 2290 778 5

94 867 99 870 -
182 853 217 905 3
401 816 725 908 ἀναχθεὶς
759 848 884 889 ουν
923 825 1190 891 ἐκεῖθεν
1214 824 1326 892 ἐπὶ
1354 828 1759 910 Παμφυλίας
1797 820 1910 889 καὶ
1954 822 2232 906 χειμῶνι

246 928 523 1014 σφοδρῷ
564 921 945 1010 περιπεσών
971 924 1162 1013 μόλις
1208 930 1301 1005 εἰς
1319 921 1547 994 Ρόδον
1573 921 2000 1007 διασώζεται,
2057 936 2233 1007 φορ-

244 1031 411 1096 τίων
440 1021 774 1114 ἀποβολῆς
812 1025 1231 1117 γενομένης.
1274 1029 1388 1096 καὶ
1423 1028 1549 1097 δύο
1595 1026 1719 1115 μὲν
1746 1028 2070 1097 ἐνταυθοῖ
2093 1027 2233 1091 τῶν

108 1199 129 1214 ‚
214 1159 218 1168 ·
246 1135 470 1217 φίλων
496 1125 680 1220 αὐτῷ
707 1129 1156 1219 συνήντησαν,
1172 1135 1531 1210 Σαππίνας
1558 1157 1630 1200 τε
1653 1131 1765 1198 καὶ
1782 1136 2227 1257 Πτολεμαῖος·

249 1226 489 1319 εὖρων
507 1231 583 1301 δὲ
596 1227 720 1320 τὴν
744 1232 944 1302 πόλιν
971 1230 1105 1303 υπὸ
1136 1240 1258 1303 τοῦ
1288 1231 1454 1321 πρὸς
1472 1233 1774 1303 Κάσσιον
1798 1214 2092 1318 πολεμου
2111 1254 2226 1296 κε·
2268 1252 2321 1294 ιο

236 1335 668 1422 ’κακωμένην,
701 1332 857 1404 οὐδ’
890 1333 1029 1405 ἐν’
993 1337 1268 1425 ἀπόροις
1299 1363 1397 1404 ων
1427 1327 1505 1405 εὖ
1533 1350 1750 1404 ποιεῖν
1777 1330 1993 1421 αυτὴν
2008 1358 2233 1418 ωκνη-

247 1459 387 1522 σεν,
419 1433 587 1506 ἀλλὰ
613 1439 726 1507 καὶ
755 1437 935 1527 παρὰ
963 1438 1259 1528 δύναμιν
1287 1436 1501 1526 αυτὴν
1515 1434 1853 1507 ἀνεκτᾶτο.
1900 1434 2234 1523 τριήρητε

247 1539 747 1620 κατασκευάσας
784 1545 899 1612 καὶ
943 1538 1264 1630 ἀναχθεὶς
1309 1545 1634 1611 ἐντεῦθεν
1674 1538 1806 1610 σὺν
1833 1554 1969 1619 τοῖς
2008 1545 2234 1626 φίλοις

248 1643 359 1711 ἐπὶ
381 1638 656 1723 Ἰταλίας
685 1649 778 1723 είς
802 1646 1201 1733 Βρεντέσιον
1224 1643 1601 1733 κατάγεται,
1633 1640 1955 1712 κάκεῖθεν
1976 1648 2070 1723 εἰς
2073 1637 2234 1709 Ρώ-

248 1771 381 1832 μην
416 1740 822 1832 ἀφικόμενος
858 1754 1127 1833 πρῶτον
1159 1747 1284 1835 μὲν
1302 1745 1636 1838 Ἀντωνίφ
1669 1745 1904 1870 φράζει
1945 1743 2028 1813 τὰ
2055 1767 2232 1829 συμ-
2270 1760 2325 1802 ¹⁵

203 1891 209 1902 ·
249 1837 462 1935 βάντα
477 1844 659 1939 αὐτῷ
689 1848 856 1918 κατὰ
875 1847 999 1938 τὴν
1027 1837 1383 1937 Ἰουδαίαν,
1413 1851 1694 1930 καὶπῶς
1721 1844 1756 1918 6
1785 1845 2077 1937 ἀδελφὸς
2103 1871 2236 1914 αυ-

250 1956 371 2020 τοῦ
410 1951 799 2039 Φασάηλος
800 1948 934 2023 ὑπὸ
962 1955 1271 2042 Πάρθων
1302 1951 1619 2024 ἀπόλοιτο
1662 1952 2096 2077 συλληφθεὶς
2118 1951 2236 2018 καὶ

239 2049 618 2141 Ὑρκανὸς(
579 2051 695 2124 υπ’
729 2052 955 2126 αυτῶν
986 2057 1391 2146 αἰχμάλωτος
1417 2063 1652 2144 ἔχοιτο,
1681 2057 1797 2124 καὶ
1825 2052 1913 2135 ὡς
1933 2051 2238 2140 Ἀντίγο-

250 2184 374 2227 νον
399 2156 878 2246 καταστήσειαν
905 2162 1180 2249 βασιλέα
1198 2214 1217 2249 ,
1261 2160 1558 2249 χρήματα
1586 2158 1832 2228 δώσειν
1863 2154 2240 2244 υποσχόμε-

253 2287 376 2329 νον
402 2266 582 2347 χίλια
620 2260 910 2333 τάλαντα
948 2266 1062 2333 καὶ
1099 2278 1426 2352 γυναῖκας
1450 2267 1922 2347 πεντακοσίας,
1976 2266 2053 2328 αἳ
2100 2265 2240 2327 τῶν
2273 2284 2354 2327 2ο

254 2362 542 2450 πρώτων
581 2360 711 2433 κάκ
750 2372 872 2434 τοῦ
911 2369 1151 2453 γένους
1196 2372 1320 2435 τοῦ
1360 2361 1591 2451 αὐτῶν
1634 2370 1911 2451 ἔμελλον
1941 2370 2239 2448 ἔσεσθαι,

256 2465 370 2533 καὶ
394 2460 500 2532 ὅτι
527 2465 772 2547 ταύτας
797 2466 1041 2547 νυκτὸς
1058 2470 1587 2557 ἐκκομίσειε,-καὶ
1607 2466 1931 2556 διαφύγοι
1958 2464 2073 2546 τὰς
2097 2471 2237 2533 τῶν

258 2569 526 2653 ἐχθροῖν
570 2584 795 2657 χεῖρας
832 2567 1078 2651 πολλὰς
1125 2567 1497 2659 ὑπομείνας
1553 2575 2035 2659 ταλαιπωρίας·
2099 2566 2242 2636 εἶτα

257 2671 913 2743 ἐπιδιακινδυνεύειν
952 2670 1136 2765 αὐτῷ
1176 2672 1336 2754 τούς
1379 2679 1670 2753 οἰκείους
1708 2668 1922 2745 αὐτοῦ
1966 2678 2243 2758 πολιορ-
2315 2722 2334 2741 x

255 2774 668 2862 κουμένους,
719 2778 831 2846 καὶ
873 2803 963 2856 ως
987 2777 1303 2847 πλεύσειέ
1328 2803 1402 2845 τε
1429 2775 1544 2846 διὰ
1569 2802 1891 2867 χειμωνος
1920 2776 2036 2843 καὶ
2063 2799 2239 2843 παν-
2272 2796 2334 2839 2⁵

257 2872 369 2955 τὸς
396 2879 928 2971 καταφρονήσειε
964 2884 1196 2950 δεινοῦ
1218 2878 1536 2949 σπεύδων
1549 2881 1658 2949 ἐπὶ
1684 2906 1800 2958 τας
1825 2881 2099 2958 ἐλπίδας
2127 2903 2244 2956 τας

260 2974 408 3070 παρ’
442 2975 653 3050 αὐτοῦ
678 2985 792 3061 καὶ
818 2981 943 3072 τήν
975 2982 1191 3072 μόνην
1217 2983 1563 3072 βοήθειαν.

196 3098 233 3151 4
407 3077 765 3155 ’Λντώνιον
798 3083 869 3154 δ’
906 3082 1122 3165 οἶκτος
1155 3090 1518 3174 εἰσέρχεται
1556 3091 1672 3171 τῆς
1692 3080 2001 3173 Ἡρώδου
2041 3107 2244 3170 μετα·
2311 3086 2322 3103 ’

261 3189 496 3271 βολῆς,
540 3188 656 3256 καὶ
682 3196 774 3281 τῷ
806 3195 1010 3281 κοινῷ
1038 3188 1454 3277 χρησάμενος
1480 3194 1776 3280 λογισμω
1808 3188 1961 3273 περὶ
2004 3212 2141 3253 των
2169 3186 2245 3251 ἐν

261 3281 580 3369 ἀξιώματι
609 3286 905 3382 τοσουτῳ
929 3282 1384 3362 καθεστώτων
1407 3285 1508 3372 ὥς
1520 3287 1855 3361 κάκείνων
1879 3286 2335 3375 ὑποκειμέ-θο

260 3405 404 3450 νων
431 3391 511 3470 τῇ
537 3389 738 3479 τύχῃ,
778 3390 859 3462 τά
890 3393 1015 3481 μὲν
1041 3421 1209 3465 κατα
1234 3386 1509 3483 μνήμην
1530 3400 1647 3481 τῆς
1667 3391 2108 3477 Ἀντιπάτρου
2136 3391 2247 3471 ξε,-

260 3485 433 3564 vtae,
461 3481 544 3551 τὰ
571 3491 646 3558 δὲ
670 3488 931 3565 καὶῦπὸ
956 3488 1313 3585 χρημάτων
1329 3522 1427 3566 ων
1440 3491 1624 3590 αὐτῷ
1641 3492 1941 3582 εΗρώδης
1958 3489 2248 3580 υπέσχε-
