2500 3882
983 168 1459 252 ΕΝΛΕΚΑΤῌ
1747 201 1752 207 -
2127 164 2206 227 23

211 339 455 412 αὐτόθι
495 342 828 429 παροῦσιν
864 333 1212 421 Ἰουδαίοις
1248 335 1468 432 αὐτὴν
1502 340 1627 430 μὲν
1665 342 1941 467 κατέσχε
1956 392 1974 427 ,
2016 338 2091 411 τὸ
2135 337 2203 409 δ’

215 444 632 534 ἀντίγραφον
650 439 856 530 αὐτῆς
882 440 1048 532 πρὸς
1070 439 1370 526 ἅπαντας
1396 451 1652 534 ἔπεμψε
1672 442 1828 525 τούς
1854 439 2207 533 ὁμοεθνεῖς

135 579 145 591 ·
213 548 362 629 τοὺς
400 544 570 617 κατὰ
612 542 737 634 τὴν
778 551 1059 634 Μηδίαν
1093 574 1311 628 οντας.
1377 547 1708 638 μαθόντες
1747 544 1815 618 δ’
1859 538 2047 618 οὗτοι
2084 552 2210 617 τοῦ

216 654 538 742 βασιλέως
558 649 675 718 καὶ
699 645 824 737 τὴν
850 646 1014 740 πρὸς
1040 648 1159 720 τὸν
1181 649 1353 722 θεὸν
1379 648 1730 741 εὐσέβειαν
1755 652 1867 722 καὶ
1890 648 2016 742 τὴν
2043 648 2211 741 πρὸς
2307 701 2316 730 ,

28 803 29 808 1
138 780 194 842 με
217 753 337 825 τὸν
342 752 635 843 Ἕσδραν
660 748 966 838 εῦνοιαν,
993 778 1284 835 απαντες
1313 755 1439 844 μὲν
1463 750 2013 846 ὖπερηγαπησαν,
2040 762 2206 825 πολ-

34 941 45 968 ,
225 859 330 927 λοὶ
364 853 427 926 δ’
467 853 696 925 αὐτῶν
728 857 840 924 καὶ
889 852 1006 937 τὰς
1042 855 1305 946 κτήσεις
1359 856 1812 948 ἀναλαβόντες
1852 848 2073 948 ἦλθον
2116 861 2211 937 εἰς

151 1013 157 1024 «
221 965 625 1049 Βαβυλῶνα,
660 963 1036 1040 ποθοῦντες
1061 958 1184 1049 τὴν
1217 960 1420 1042 εἰςτᾶ
1437 957 1862 1051 Ἱεροσόλυμα
1884 960 2209 1031 κάθοδον.
2252 950 2261 971 ’

28 1083 31 1144 f
218 1060 254 1133 5
287 1063 363 1133 δὲ
389 1068 518 1143 πᾶς
551 1058 710 1141 λαός
738 1065 877 1130 τῶν
902 1059 1328 1153 Ἰσραηλιτῶν
1356 1062 1524 1136 κατὰ
1553 1064 1778 1153 χῶραν
1809 1071 2049 1152 ἔμεινε.
2104 1061 2212 1133 διὸ

214 1168 326 1237 καὶ
373 1164 501 1236 δύο
529 1161 748 1252 φυλὰς
784 1162 958 1235 εἶναι
990 1171 1419 1257 συμβέβηκεν
1463 1170 1578 1237 ἐπί
1599 1195 1671 1237 τε
1705 1172 1822 1257 τῆς
1851 1164 2069 1248 Ἀσίας
2096 1168 2214 1236 καὶ

137 1297 185 1338 ιο
213 1276 328 1361 τῆς
345 1265 685 1358 Εὐρώπης
703 1261 1040 1356 Ῥωμαίοις
1058 1264 1532 1351 ὑπακουούσας
1550 1293 1565 1307 ·
1608 1275 1685 1340 αἱ
1706 1270 1780 1340 δὲ
1810 1270 1971 1340 δέκα
1998 1271 2215 1358 φυλαὶ

213 1378 428 1463 πέραν
456 1371 632 1441 εἰσὶν
657 1367 1022 1460 Εὐφράτου
1047 1375 1175 1453 ἕως
1204 1377 1441 1464 δεῦρο,
1471 1373 1792 1463 μυριάδες
1812 1371 2075 1462 ἄπειροι
2099 1373 2214 1440 καὶ

211 1475 487 1568 ἀριθμῷ
546 1478 937 1564 γνωσθῆναι
988 1473 1080 1564 μὴ
1135 1475 1527 1566 δυνάμεναι.
1610 1473 1775 1567 πρὸς
1815 1475 1892 1546 δὲ
1923 1472 2214 1564 Ἔσδραν

215 1578 664 1668 ἀφικνοῦνται
683 1577 918 1666 ἱερέων
935 1579 1048 1647 καὶ
1063 1585 1374 1650 Λευιτῶν
1398 1581 1511 1649 καὶ
1540 1585 1882 1670 θυρωρῶν
1900 1580 2013 1649 καὶ
2033 1582 2207 1669 ἱερο-

214 1687 493 1767 ψαλτῶν
529 1679 644 1747 καὶ
684 1680 1092 1770 ἱεροδούλων
1121 1685 1356 1754 πολλοὶ
1399 1679 1519 1756 τὸν
1544 1679 1858 1774 ἀριθμόν.
1913 1703 2207 1770 συναγα-

134 1808 181 1848 15
215 1785 359 1875 γῶν
399 1783 475 1853 δὲ
513 1778 672 1866 τοῦς
713 1785 787 1852 ἐκ
815 1788 931 1873 τῆς
957 1790 1407 1874 αἰχμαλωσίας
1437 1792 1532 1867 εἱς
1570 1784 1887 1877 τὸπέραν
1920 1790 2045 1856 τοῦ
2070 1780 2211 1854 Εὖ-

214 1888 481 1980 φριίτου
528 1886 641 1955 καὶ
677 1900 855 1976 τρεῖς
890 1890 1356 1981 ἐπιδιατρίψας
1399 1893 1543 1962 ἐκεῖ
1572 1885 1853 1982 ἡμέρας,
1897 1894 2216 1980 νηστείαν

215 1991 442 2071 αὐτοῖς
484 1988 965 2078 παρήγγειλεν,
1005 1988 1198 2074 ’,ὅπως
1244 1991 1440 2082 εὐχὰς
1475 1993 1882 2083 ποιήσωνται
1929 1997 2025 2086 τῷ
2068 1995 2217 2084 θεῷ

221 2097 374 2184 περὶ
397 2098 516 2183 τῆς
541 2089 769 2162 αὐτῶν
793 2102 1121 2184 σωτηρίας
1155 2098 1269 2166 καὶ
1297 2101 1420 2166 τοῦ
1460 2095 1672 2185 μηδὲν
1698 2094 1867 2165 κατὰ
1900 2095 2025 2185 τὴν
2052 2090 2214 2164 ὁδὸν

227 2209 473 2267 παθεῖν
494 2220 746 2265 ατοπον
764 2190 807 2286 ἢ
834 2195 1000 2286 πρὸς
1023 2204 1162 2269 τῶν
1187 2195 1596 2287 πολεμίων”
1553 2228 1595 2287 η
1620 2224 1798 2279 τινος
1813 2195 2027 2267 αλλου
2047 2202 2211 2265 δυσ-

136 2319 194 2361 2⁰
223 2299 428 2371 κόλου
475 2298 972 2388 προσπεσόντος
1021 2298 1281 2382 αυτοῖς·
1358 2299 1626 2429 φθάσας
1680 2328 1810 2390 γαρ
1860 2294 1897 2369 5
1927 2297 2216 2388 Ἔσδρας

214 2411 435 2475 εἰπεῖν
467 2405 562 2471 τῶ
600 2399 950 2489 βασιλεῑ”
911 2431 1013 2473 οτι
1058 2402 1375 2474 διασῶσει
1410 2400 1652 2484 αὐτους
1681 2398 1718 2473 5
1756 2403 1951 2491 θεός,
1983 2398 2209 2473 οὐκέτ’

192 2506 548 2599 ἦξίωσεν”
518 2519 745 2585 ιππεῖς
768 2502 977 2576 αὐτὸν
1000 2512 1265 2596 αἰτῆσαι
1282 2504 1436 2588 τούς
1457 2498 1996 2597 προπέμψοντας.
2019 2533 2211 2595 ποιη-

209 2611 492 2698 σαμενοι
520 2607 597 2676 δὲ
612 2634 731 2687 τας
763 2606 978 2697 εὐχας,
1003 2638 1285 2700 αραντες
1312 2607 1442 2681 ἀπὸ
1467 2617 1587 2680 τοῦ
1607 2607 1971 2700 Εὐφρατου
2000 2614 2212 2680 δωδε-

217 2713 386 2801 κάτῃ
409 2716 535 2782 τοῦ
573 2710 846 2800 πρῶτον
875 2710 1083 2802 μηνὸς
1107 2718 1228 2783 τοῦ
1270 2713 1560 2802 ἑβδόμου
1588 2719 1777 2794 ἔτους
1820 2719 1936 2802 τῆς
1963 2715 2214 2811 Ξέρξου

125 2840 184 2881 m
217 2822 583 2907 βασιλείας,
611 2817 1058 2904 παρεγένοντο
1077 2822 1172 2897 εἰς
1182 2811 1601 2907 Ἱεροσόλυμα
1618 2817 1780 2905 μηνὶ
1805 2820 2079 2906 πέμπτω
2096 2816 2219 2881 τοῦ

207 2916 424 2990 αὐτοῦ
453 2924 665 2996 ἔτους
694 2921 809 2988 καὶ
826 2924 1221 3010 παραχρῆμα
1237 2935 1374 3000 τοῖς
1395 2913 1896 3008 γαζοφύλαξιν
1866 2947 1903 2987 ο
1907 2915 2075 2985 Εσδ
2078 2943 2220 3005 ρας,

206 3015 415 3094 οὖσιν
441 3023 518 3090 ἐκ
533 3025 657 3090 τοῦ
679 3026 820 3092 τῶν
846 3023 1083 3110 ἱερέων
1110 3023 1368 3111 γένους,
1396 3023 1766 3111 παρέστησε
1789 3017 1869 3088 τὰ
1888 3016 2032 3110 ἱερα
2055 3017 2213 3146 χρή-

205 3153 420 3216 ματα,
466 3121 803 3214 ἀργυρίου
837 3125 1129 3195 τάλαντα
1170 3125 1477 3209 ἑξακόσια
1517 3123 1965 3212 πεντήκοντα,
2008 3123 2216 3213 σκεύη

206 3227 483 3320 ἀργυρᾶ
501 3225 900 3297 ταλάντων
869 3228 1125 3317 εκατόν,
1153 3233 1369 3319 χρυσᾶ
1393 3226 1614 3315 σκεύη
1615 3224 1963 3297 ταλαντων
1982 3238 2228 3315 εἴκοσι,

125 3357 181 3397 ω
215 3336 437 3421 χαλκᾶ
472 3328 682 3419 σκεύη
714 3336 967 3456 χρυσοῦ
991 3338 1336 3421 κρείττονα
1367 3334 1675 3418 σταθμοῦ
1701 3330 2047 3400 ταλαντων
2080 3328 2212 3399 δω-

217 3441 412 3505 δεκα·
458 3439 674 3503 ταῦτα
705 3461 837 3523 γαρ
866 3426 1304 3525 ἐδωρήσατο
1275 3463 1311 3503 ο
1339 3430 1655 3522 βασιλευς
1679 3434 1791 3502 καὶ
1823 3437 1893 3502 οἱ
1913 3431 2212 3520 σύμβου-
2306 3430 2310 3439 ’

219 3547 337 3608 λοι
378 3533 582 3608 αὐτοῦ
609 3539 724 3608 καὶ
765 3536 1008 3620 πάντες
1036 3542 1103 3635 οἱ
1127 3540 1202 3608 ἐν
1227 3541 1589 3626 Βαβυλῶνι
1617 3539 1929 3625 μένοντες
1960 3531 2214 3619 Ἰσραη-
