2500 3882
291 98 411 160 142
963 96 1610 158 ΑΡΧΑΙΟΛΟΓΙΑΣ

292 276 553 341 σιλείαν
586 268 834 358 γράφει
863 272 955 360 τῷ
984 267 1383 359 φιλομήτορι
1401 274 1812 360 Πτολεμαίῳ
1827 265 2296 356 μνηστευόμε-

292 402 410 462 νος
462 368 675 442 αὐτοῦ
724 368 891 461 πρὸς
928 371 1142 459 γάμον
1193 370 1319 460 τὴν
1356 373 1735 461 θυγατέρα,
1799 376 2064 441 δίκαιον
2118 367 2296 440 εἶναι

295 479 513 564 λέγων
539 482 631 568 τῷ
669 472 794 563 τὴν
832 473 1151 567 πατρῴαν
1186 471 1404 562 ἀρχὴν
1429 475 1853 567 κομισαμένῳ
1881 476 1995 543 καὶ
2022 471 2136 544 διὰ
2164 472 2294 562 τὴν

294 586 417 649 τοῦ
458 584 633 648 θεοῦ
673 576 1000 667 πρόνοιαν
1047 583 1140 658 είς
1176 574 1392 666 αὐτὴν
1430 580 1841 666 προαχθέντι
1881 579 1995 647 καὶ
2038 575 2292 668 κρατή-

297 704 490 752 σαντι
533 686 960 770 Δημητρίου,
1004 682 1118 750 καὶ
1160 682 1332 770 μηδὲ
1359 670 1583 749 τᾶλλα
1623 682 1917 773 ἐσομένω
1957 686 2073 769 τῆς
2119 677 2291 768 πρὸς

298 781 510 855 αὐτὸν
535 783 936 870 οἰκειότητος
966 779 1248 878 άναξίω,
1303 782 1600 865 συνάψαι
1628 785 2053 871 συγγένειαν.
2095 790 2293 852 Πτο-

299 897 563 977 λεμαῖος
609 886 684 956 δὲ
728 886 1260 975 προσδεξάμενος
1299 883 1512 976 ἡδέως
1552 884 1675 974 τὴν
1697 893 2067 975 μνηστείαν
2100 883 2293 955 ἄντι-

296 990 578 1083 γράφει,
617 997 881 1078 χαίρειν
921 1016 992 1059 τε
1018 993 1238 1078 λέγων
1275 992 1385 1059 ἐπὶ
1424 997 1515 1083 τῷ
1544 987 1668 1077 τὴν
1706 986 1920 1078 ἀρχὴν
1945 987 2130 1082 αὐτῷ
2158 1016 2293 1059 πα-

296 1121 522 1186 τρωαν
564 1084 780 1162 οὖσαν
816 1088 1293 1182 ἀπειληφέναι,
1341 1094 1453 1163 καὶ
1494 1091 1616 1180 τὴν
1656 1095 2004 1183 θυγατέρα
2043 1092 2294 1163 δώσειν

299 1194 738 1284 ὑπισχνεῖται,
761 1203 1102 1266 συναντᾶν
1130 1193 1198 1266 δ’
1221 1192 1405 1290 αὖτῳ
1379 1203 1531 1277 κείς
1548 1201 1973 1284 Πτολεμαΐδα
2002 1195 2123 1284 τὴν
2152 1206 2294 1264 θυ-

268 1302 546 1389 ,γατέρα
574 1301 884 1388 μέλλοντι
912 1295 1103 1386 ἄγειν
1129 1302 1484 1372 ἐκέλευσεν
1501 1320 1516 1335 ·
1560 1294 1762 1380 αὐτὸς
1780 1296 1909 1387 γάρ
1931 1294 2147 1387 αὐτὴν
2171 1303 2298 1386 με’-

273 1422 410 1494 ’χρι
452 1403 697 1490 ταύτης
730 1405 1200 1490 παραπέμψειν
1242 1399 1362 1472 ἀπ’
1392 1401 1782 1489 Αἰγύπτου,
1825 1398 2024 1471 κάκεῖ
2055 1425 2298 1471 συνοι-

303 1514 524 1575 κίσειν
576 1502 760 1597 αὐτῷ
792 1495 935 1592 1τὴν
987 1511 1214 1575 παῖδα.
1290 1508 1404 1574 καὶ
1449 1514 1861 1593 Πτολεμαῖος
1911 1504 2037 1593 μὲν
2085 1510 2300 1574 ταῦτα

305 1609 566 1697 γράψας
626 1614 1063 1696 παραγίνεται
1118 1606 1285 1696 μετὰ
1348 1613 1647 1697 σπουδῆς
1701 1614 1795 1689 είς
1844 1613 2298 1698 Πτολεμαΐδα,

268 1717 281 1730 ’
306 1706 748 1798 Κλεοπάτραν
787 1708 973 1799 ἄγων
1012 1709 1137 1799 τὴν
1175 1714 1554 1801 θυγατέρα,
1620 1706 1844 1800 εὖρών
1884 1707 1953 1780 δ’
1998 1715 2140 1783 ἐκεῖ
2175 1709 2303 1780 τὸν

297 1811 767 1901 Ἀλέξανδρον,
802 1809 1032 1894 καθώς
1061 1816 1426 1902 ἐπέστειλε,
1463 1814 2052 1903 προαπηντηκότα,
2086 1820 2303 1885 δίδω-

308 1938 417 1987 σιν
444 1913 628 2010 αὐτῷ
670 1913 794 2004 τὴν
820 1922 1029 1987 παῖδα
1057 1920 1169 1989 καὶ
1206 1918 1503 2008 φερνήν,
1552 1914 1870 2008 ἄργυρόν,
1893 1947 1963 1989 τε
1989 1919 2101 1989 καὶ
2128 1947 2304 2007 χρυ-

247 2035 283 2086 2
308 2019 463 2110 σόν,
493 2016 655 2095 ὅσον
688 2019 865 2101 είκός
890 2012 978 2110 ἦν
1003 2012 1258 2092 δοῦναί
1273 2025 1569 2111 βασιλέα.
1621 2028 1758 2091 τῶν
1788 2021 1863 2090 δὲ
1890 2021 2123 2110 γάμων
2150 2026 2306 2092 ἐπι-

312 2127 736 2212 τελουμένων
771 2120 1202 2215 Ἀλέξανδρος
1243 2121 1529 2216 Ἰωνάθῃ
1569 2132 1663 2217 τῷ
1705 2122 2007 2215 ἀρχιερεῖ
2037 2124 2307 2214 γράψας

306 2230 659 2298 ἐκέλευσεν
685 2224 895 2296 αὐτὸν
921 2224 1114 2316 ἥκειν
1143 2235 1236 2308 είς
1261 2234 1705 2316 Πτολεμαΐδα.
1755 2228 2308 2321 παραγενόμενος

309 2331 385 2399 δὲ
418 2328 586 2415 πρὸς
627 2327 785 2410 τούς
829 2337 1124 2418 βασιλεῖς
1172 2334 1286 2400 καὶ
1330 2332 1800 2420 δωρησάμενος
1841 2328 2090 2413 αὐτοὺς
2128 2341 2304 2421 λαμ-

282 2439 525 2523 Ὶκπρο-ὗς,
566 2438 683 2519 τῆς
722 2429 882 2520 παρ’
913 2430 1314 2521 ἀμφοτέρων
1348 2431 1685 2504 ἀπέλαυσε
1712 2442 1922 2523 τιμῆς.
1988 2432 2305 2519 Ἀλέξαν-

308 2539 467 2624 δρος
525 2534 602 2603 δὲ
655 2530 866 2604 αὐτόν
918 2532 1301 2625 ἠνάγκασεν
1353 2534 1869 2626 ἀποδυσάμενον
1926 2536 2052 2626 τὴν
2116 2545 2305 2609 ἰδίαν

307 2641 559 2726 ἐσθῆτα
587 2645 822 2729 λαβεῖν
845 2639 1241 2729 πορφύραν,
1285 2643 1397 2710 καὶ
1424 2647 1982 2729 συγκαθεσθῆναι
2020 2641 2306 2730 ποιήσας

309 2738 520 2811 αὐτὸν
560 2743 668 2811 ἐπὶ
713 2748 835 2811 τοῦ
875 2741 1199 2832 βήματος,
1241 2746 1602 2834 προσέταξε
1640 2741 1798 2824 τοὺς
1836 2740 2167 2833 ἡγεμόνας
2205 2751 2304 2824 εἰς

310 2848 520 2934 μέσην
545 2843 693 2934 μετ’
727 2841 940 2919 αὐτοῦ
982 2847 1443 2935 προελθόντας
1483 2845 1608 2935 τὴν
1635 2846 1832 2916 πόλιν
1857 2850 2142 2935 κηρῦξαι
2166 2876 2304 2936 μη-

312 2950 459 3020 δενὶ
486 2950 709 3037 λέγειν
735 2946 884 3018 κατ’
930 2946 1144 3019 αὐτοῦ
1173 2953 1522 3039 ἐφεῖσθαι,
1566 2949 1736 3040 μηδὲ
1770 2953 2085 3039 παρέχειν
2112 2947 2305 3043 αὐτῷ

310 3053 682 3140 πράγματα.
725 3059 923 3121 τοῦτο
953 3052 1030 3123 δὲ
1056 3053 1481 3141 ποιησάντων
1508 3061 1644 3124 τῶν
1670 3050 2043 3141 ἡγεμόνων,
2075 3049 2306 3142 ὁρῶν-

310 3179 416 3232 τες
449 3151 574 3241 τὴν
612 3152 792 3244 παρὰ
820 3161 941 3225 τοῦ
967 3156 1293 3245 βασιλέως
1331 3159 1841 3246 κεκηρυγμένην
1875 3152 2164 3248 Ἰωνάθῃ
2194 3185 2303 3227 τι-

308 3250 442 3338 μὴν
483 3261 553 3322 οί
594 3273 990 3347 κατηγορεῖν
1031 3262 1647 3349 παρεσκευασμένοι
1698 3260 1813 3328 καὶ
1863 3257 2056 3348 πρὸς
2087 3256 2305 3330 αὐτὸν

307 3349 619 3437 άπεχθως
647 3364 908 3444 ἔχοντες
935 3357 1342 3452 ἀπέδρασαν,
1372 3360 1462 3453 μὴ
1485 3364 1598 3433 καὶ
1627 3361 2065 3453 προσλάβωσί
2085 3390 2164 3432 τι
2175 3390 2306 3434 κα·-

284 3450 430 3520 κὰν
459 3456 770 3540 δεδιότες.
825 3462 1117 3554 τοσαύτῃ
1148 3466 1225 3535 δὲ
1265 3471 1531 3557 σπουδῇ
1570 3466 1730 3558 περὶ
1751 3462 1873 3535 τὸν
1905 3462 2299 3556 Ἰωνάθην“
2265 3494 2304 3536 ο

2343 1228 2397 1267 10

2346 1742 2401 1781 15

2348 2259 2403 2299 20

2348 3293 2404 3335 30
