2500 3882
268 72 400 167 2ὲο
421 92 430 105 '
945 60 1615 161 ΑΡΧΑΙΟΛΟΓΙᾉΣ-

277 271 687 363 λευμένοις”
644 304 681 344 ο
703 290 785 344 τε
815 279 1076 362 δαίμων
1102 266 1488 358 ἀντέπραξε,
1523 269 1637 339 καὶ
1663 266 1893 349 δεινὸς
1917 293 2017 336 ων
2034 260 2257 355 Ἡρό-

271 384 426 477 δης,
465 376 588 466 τήν
613 384 1005 467 προαίρεσιν
1034 373 1245 447 αὐτοῦ
1273 372 1721 459 κατανοήσας,
1752 372 2260 459 προεισπέμψας

203 488 208 501 “
268 481 654 569 θεράποντα
706 487 808 571 τῷ
849 480 973 568 μὲν
1028 485 1256 549 δοκεῖν
1316 478 1428 547 ἐπὶ
1480 479 1764 544 δείπνου
1820 469 2260 561 παρασκευήν

223 585 410 669 (καὶ
436 611 565 673 γαρ
594 583 928 653 ἑστιάσειν
947 578 1192 662 αὐτοὺς
1221 604 1516 657 απαντας
1559 604 1650 666 πρ
1660 574 1985 664 οειρηκει)
2011 590 2154 657 ταῖς
2179 576 2263 646 δὲ

265 685 613 775 ἀληθείαις
639 683 805 774 πρός
830 684 1419 773 τοὺςχιλιάρχους,
1449 676 1756 761 ἐξελθεῖν
1808 684 1919 751 ἐπὶ
1945 680 2265 768 Μάλιχον
2292 707 2323 746 5

266 797 494 860 πείθει
530 785 694 876 μετὰ
736 791 1069 875 ξιφιδίων.
1151 795 1223 856 οἳ
1253 783 1324 855 δ’
1370 785 1773 868 ἐξελθόντες
1827 787 1939 854 καὶ
1964 788 2267 871 πλησίον

267 900 382 982 τῆς
411 890 665 970 πόλεως
692 886 874 982 αὐτῷ
907 888 1375 979 περιτυχόντες
1415 890 1540 958 ἐπὶ·
1536 896 1675 958 τοῦ
1719 894 2029 978 αἰγιαλοῦ
2054 913 2269 956 κατα-
2350 887 2373 900 “

269 1001 581 1065 κεντοῦσι
609 991 728 1062 τὸν
756 990 998 1081 ανδρα.
1065 988 1382 1079 Τρκανὸς
1421 978 1546 1079 μὲν
1575 983 1708 1062 οὖν
1733 988 1856 1062 ὑπ’
1889 988 2268 1076 ἐκπλήξεως

269 1104 391 1167 τοῦ
417 1095 769 1185 γεγονότος
801 1101 894 1176 εἰς
922 1091 1237 1182 ἀφωνίαν
1256 1094 1526 1182 ἐτράπη,
1555 1094 1747 1182 μόλις
1773 1091 1839 1163 δ’
1872 1088 2266 1180 ἀνενεγκων

260 1199 693 1270 ’ἐπυνθάνετο
719 1206 857 1268 τῶν
882 1197 1037 1286 περὶ
1063 1195 1184 1267 τὸν
1203 1193 1515 1287 ,Ηρι-όδην
1539 1204 1611 1266 τί
1631 1193 1786 1267 ποτ’
1821 1207 1923 1284 εἴη
1952 1193 2023 1265 τὸ
2055 1221 2259 1282 γεγε-
2288 1220 2361 1259 το

173 1337 184 1352 ·
278 1305 569 1391 νημένον
606 1303 720 1370 καὶ
759 1307 861 1381 τίς
906 1296 944 1370 6
984 1296 1297 1387 Μάλιχον
1347 1295 1718 1390 ἀνῃρηκώς.
1802 1298 2132 1369 εἰπόντων
2182 1296 2268 1366 δὲ

278 1406 582 1475 Κάσσιον
606 1411 803 1474 τοῦτο
830 1403 1210 1490 προστάξαι,
1248 1398 1532 1491 ἐπῄνεσε
1559 1399 1632 1472 τὸ
1663 1408 1896 1491 ἔργον·
1955 1397 2269 1489 πονηρὰν

279 1507 420 1597 γὰρ.
438 1506 609 1576 εἶναι
636 1507 820 1576 πάνυ
848 1508 963 1576 καὶ
988 1513 1104 1593 τῆς
1131 1510 1449 1595 πατρίδος
1473 1507 1854 1594 ἐπίβουλον.

343 1680 348 1693 ,
388 1642 392 1653 ’
432 1611 545 1679 καὶ
573 1610 874 1696 Μάλιχος
912 1608 1036 1696 μὲν
1077 1607 1328 1694 ταύτην
1356 1603 1526 1696 ὑπὲρ
1556 1614 1671 1695 τῆς
1712 1614 1804 1688 εἰς
1825 1604 2271 1699 Ἀντίπατρον

206 1723 240 1777 7
280 1717 695 1800 παρανομίας
719 1716 919 1799 δίκην
947 1713 1217 1797 ἐξέτισε,
1262 1716 1565 1780 Κασσίου
1589 1706 1656 1779 δ’
1689 1713 1763 1780 ἐκ
1791 1716 2050 1798 Συρίας
2084 1703 2268 1777 ἆπά-
2307 1734 2361 1776 ιο
2414 1702 2431 1707 ’
2484 1758 2485 1765 1

283 1842 519 1905 ραντος
558 1810 807 1903 ταραχὴ
843 1820 1100 1901 γίνεται
1141 1810 1310 1885 κατὰ
1358 1814 1484 1901 τὴν
1511 1809 1873 1882 Ἰουδαίαν·
1910 1807 2088 1893 Ἔλιξ
2130 1808 2268 1897 γὰρ

283 1913 724 2007 ὑπολειφθεὶς
764 1921 839 1989 ἐν
871 1914 1352 2008 Ἱεροσολύμοις
1391 1913 1556 2003 μετὰ
1600 1920 1909 2004 στρατιάς
1951 1910 2269 2003 ωρμησεν

275 2023 393 2092 ἐπὶ
431 2021 822 2147 Φασάηλον,
859 2016 901 2089 ὅ
938 2046 1010 2089 τε
1051 2023 1260 2108 δῆμος
1297 2022 1370 2088 ἐν
1408 2014 1639 2100 οπλοις
1680 2008 1786 2107 ἦν.
1859 2015 2158 2110 Ηρωδης
2189 2016 2272 2087 δὲ

285 2152 466 2211 παρα
491 2124 768 2213 Φάβιον
821 2115 1177 2213 ἐπορεύετο
1229 2126 1306 2192 ἐν
1345 2119 1686 2214 Δαμασκῷ
1740 2126 2269 2209 στρατηγοῦντα,

283 2231 398 2297 καὶ
424 2227 829 2316 βουλόμενος
845 2232 1301 2316 προσδραμεῖν
1326 2223 1494 2312 πρὸς
1505 2222 1624 2298 τὸν
1641 2221 1943 2312 ἀδελφὸν
1974 2220 2110 2293 ὑπὸ
2135 2223 2266 2291 νό-
2309 2243 2368 2284 2⁹

284 2350 411 2398 σου
431 2329 824 2414 κωλύεται,
877 2331 1001 2408 ἕως
1062 2355 1147 2397 ου
1205 2326 1557 2415 Φασάηλος
1613 2324 1706 2397 δι’
1764 2321 1986 2396 αὑτοῦ·
2002 2321 2273 2405 ’Ἔλικος

283 2437 607 2518 κρείττων
640 2429 997 2517 γενόμενος
1022 2434 1399 2500 κατακλείει
1434 2429 1560 2517 μὲν
1599 2425 1807 2499 αὐτὸν
1848 2434 1943 2510 εἰς
1972 2427 2273 2516 πύργον,

156 2552 163 2568 ’
285 2530 425 2603 εἶτα
452 2532 529 2602 δὲ
552 2528 983 2606 ὑπόσπονδον
1011 2521 1270 2620 ἀφίησι.
1323 2531 1442 2600 τόν
1474 2559 1547 2600 τε
1576 2529 1903 2619 Τρκανὸν
1937 2531 2276 2618 ἐμέμφετο
2398 2565 2409 2574 ·

285 2663 375 2718 ως
415 2632 630 2705 πολλὰ
669 2636 794 2723 μὲν
835 2624 915 2704 εὖ
954 2634 1265 2704 παθόντα
1309 2631 1427 2704 ὑπ’
1460 2630 1729 2721 αὐτῶν,
1755 2632 2277 2721 συμπράττοντα
2394 2635 2403 2644 ’

283 2739 366 2814 δὲ
387 2753 525 2820 τοῖς
552 2742 850 2827 ἐχθροῖς·
912 2734 950 2807 6
976 2733 1426 2826 γαριᾶδελφὸς
1451 2743 1768 2825 Μαλίχου
1794 2735 1942 2806 τότε
1968 2732 2274 2824 άποστή-
2313 2759 2375 2802 2⁸

287 2863 406 2923 σας
432 2838 558 2926 οὐκ
585 2838 778 2929 ὀλίγα
819 2847 1031 2929 χωρία
1069 2840 1429 2929 ἐφρούρει,
1470 2842 1585 2910 καὶ
1618 2836 1961 2909 Μασάδαν
1985 2836 2060 2908 τὸ
2089 2838 2276 2908 πάν-

283 2973 419 3016 των
446 2944 919 3034 ἐρυμνότατον.
977 2944 1116 3038 κἐστὶ.
1152 2942 1277 3029 μὲν
1306 2933 1435 3012 σῦν
1458 2950 1700 3011 τοῦτον
1727 2944 1961 3030 ῥαΐσας
1987 2937 2024 3011 6
2046 2938 2277 3030 Ἡρώ-

168 3071 178 3104 ··
284 3053 404 3134 δης
431 3051 504 3118 ἐκ
531 3055 645 3134 τῆς
683 3047 894 3117 νόσου
932 3051 1400 3133 παραγίνεται,
1447 3048 1561 3115 καὶ
1598 3042 2012 3133 ἀφελόμενος
2055 3039 2281 3121 αὐτὸν

286 3149 500 3219 πάντα
523 3141 648 3219 ὅσα
679 3148 810 3237 εἶχε
839 3155 1047 3238 χωρία
1075 3144 1511 3218 ὑπόσπονδον
1536 3143 1889 3217 ἀπέλυσεν.

186 3252 268 3315 12
432 3246 815 3338 Ἀντίγονον
851 3252 929 3321 δὲ
965 3250 1085 3321 τὸν
1112 3247 1648 3341 Ἀριστοβούλου,
1675 3246 1992 3336 στρατιὰν
2019 3243 2279 3332 ἆθροί-
2321 3275 2391 3319 3ο

286 3368 496 3415 σαντα
556 3354 667 3419 καὶ
711 3354 973 3443 Φάβιον
1023 3353 1566 3441 τεθεραπευκότα
1623 3352 1907 3441 χρήμασι
1921 3402 1941 3437 ,
1993 3349 2283 3437 κατάγει
2318 3347 2325 3352 ’

291 3453 697 3538 Πῖθᾎ-θμαῑθς
723 3452 758 3522 6
799 3463 1158 3527 Μενναίου
1181 3459 1300 3527 διὰ
1325 3454 1400 3527 τὸ
1429 3456 1751 3546 κήδευμα.
1809 3451 2170 3540 συνεμάχει
2199 3450 2274 3522 δ’
