2500 3882
909 137 1657 212 EHTAKAIAEKATH
1895 183 1909 200 ,
2144 155 2267 217 103

273 319 747 411 ἐνεστηκότων.
798 323 911 390 καὶ
938 326 1197 410 πρώτος
1223 316 1263 392 ὁ
1288 321 1622 412 Σαλώμης
1648 319 1793 404 υίὸς
1818 313 2278 415 Ἀντίπατρος,

270 423 655 505 δεινότατός
679 451 752 493 τε
781 452 878 494 ων
909 431 1126 506 εἰπεῖν
1152 425 1267 494 καὶ
1286 431 1379 493 vm*
1412 420 1740 520 Ἀρχελάω
1769 426 2265 514 ἐναντιώτατος,

271 535 506 617 ἔλεγεν
534 524 863 621 Ἀρχελάω
897 525 1175 598 παιδιὰν
1209 524 1329 597 τὸν
1366 530 1520 653 περὶ
1551 535 1667 618 τῆς
1708 525 1911 653 ἀρχῆς
1950 529 2126 601 εἶναι
2151 531 2263 601 λό-
2279 613 2288 621 s

271 660 418 720 γον,
449 637 623 725 ἔργω
649 629 772 721 τὴν
798 628 1093 720 δύναμιν
1116 627 1325 721 αὐτῆς
1352 630 1679 722 πρότερον
1705 661 1747 720 η
1717 612 2073 724 4’Καίσαρα
2098 655 2262 723 συγ-

206 760 243 801 ⁸
277 740 571 824 χωρῆσαι
612 734 1087 824 παρειληφότι,
1145 737 1485 804 ἐπικαλῶν
1526 732 1610 804 τὰ
1653 737 2106 825 τετολμημένα
2154 739 2265 807 ε’πὶ

272 852 412 917 τοῖς
448 833 826 908 ἀπολωλόσι
865 833 1033 907 κατὰ
1071 835 1197 926 τὴν
1242 833 1511 927 ἑορτήν,
1552 865 1649 935 ων
1687 837 1800 906 καὶ
1845 835 2265 910 ἀδικούντων
2353 857 2354 860 ’

270 936 490 1019 άλλως
529 942 728 1029 ἐχρῆν
748 937 904 1029 -’τὴν
942 931 1288 1031 τιμωρίαν1
1315 945 1410 1020 είς
1454 937 1611 1021 τούς
1663 942 1930 1033 ἐξουσία
1972 948 2263 1032 χρῆσθαι

262 1044 690 1132 Ιδυναμένους
715 1040 1161 1133 ἀνακειμένην
1190 1042 1365 1114 εἶναι
1382 1094 1401 1128 ,
1445 1044 1554 1112 καὶ
1598 1040 1688 1133 μὴ
1715 1039 1837 1114 ὑπ’
1869 1041 2128 1136 ἀνδρὸς
2140 1072 2261 1115 πε-

270 1150 606 1236 πράχθαι,
650 1152 714 1216 εἰ
737 1146 863 1235 μὲν
889 1149 1245 1235 βασιλέως,
1287 1142 1681 1228 ἀδικοῦντος
1714 1144 1789 1217 τὸ
1819 1174 1901 1217 ου
1926 1156 2266 1239 Καίσαρος

180 1273 236 1315 ιο
273 1254 582 1376 διαγνοία
608 1252 762 1340 περὶ
790 1246 1001 1319 αυτοῦ
1030 1245 1126 1319 ἔτι
1153 1248 1532 1342 χρώμενον,
1563 1256 1624 1319 εἰ
1641 1250 1724 1319 δὲ
1751 1248 2058 1338 ἰδιώτου,
2089 1251 2265 1321 πολυ

266 1352 588 1443 χειρόνως
614 1351 728 1422 διὰ
752 1350 828 1421 τὸ
854 1357 1179 1441 μηδεμιᾶς
1203 1360 1547 1442 βασιλείας
1574 1349 2102 1448 ἀντιποιουμένω
2139 1383 2259 1424 κα-

264 1452 453 1535 λως’
426 1452 514 1525 άν
538 1482 602 1528 τι
626 1459 1183 1547 συγκεχωρῆσθαι
1199 1507 1220 1543 ,
1262 1453 1375 1525 διὰ
1409 1452 1485 1525 τὰ
1505 1462 1815 1546 Καίσαρα
1850 1461 1967 1546 τῆς
1987 1454 2101 1527 ἐπ’
2135 1456 2260 1527 αύ-

262 1572 405 1638 τοῖς
446 1561 748 1641 ἐξουσίας
788 1555 1252 1650 ἀφαιρεῖσθαι.
1321 1557 1704 1648 καθηπτετό
1748 1586 1821 1627 τε
1864 1558 2075 1629 αὐτοῦ
2100 1589 2258 1650 ηγε-

261 1660 498 1751 μόνων
521 1666 727 1732 τινών
755 1665 831 1731 ἐν
855 1665 949 1756 τῷ
976 1667 1430 1757 στρατιωτικῷ
1449 1662 1877 1751 μεταστάσεις
1897 1664 2259 1748 ἐπικαλῶν,

174 1791 228 1834 15
263 1766 380 1834 καὶ
406 1762 815 1854 προκάθισιν
855 1765 965 1833 ἐπὶ
991 1763 1254 1854 θρόνου
1286 1773 1666 1855 βασιλείου,
1716 1768 1829 1835 καὶ
1860 1765 2072 1835 δικῶν
2108 1771 2256 1836 δια-

258 1865 488 1949 λύσεις
516 1894 604 1950 ως
627 1862 761 1938 υπό
789 1870 1115 1957 βασιλέως
1142 1871 1504 1958 γενομένας
1522 1919 1541 1955 ,
1583 1869 2015 1951 κατανεύσεις
2050 1896 2123 1939 τε
2148 1876 2254 1939 αἰ-

258 1969 521 2060 τήσεων
547 1987 685 2051 τοῖς
713 1977 1015 2064 δημοσία
1026 1971 1442 2061 αἰτουμένοις
1459 2023 1476 2055 ,
1520 1973 1634 2047 καὶ
1662 1972 1934 2042 πάντων
1968 1973 2255 2062 διάπρα-

144 2080 151 2083 ’
261 2076 390 2158 ξιν,
421 2101 518 2143 ων
544 2068 809 2144 οὐδὲν”
767 2103 854 2143 αν
879 2074 1193 2163 μειζόνως
1220 2078 1567 2165 ἐπινοῆσαι
1596 2074 2094 2164 καθιστάμενον
2121 2072 2258 2147 ὑπὸ

255 2181 384 2246 τοῦ
407 2181 748 2267 Καίσαρος
776 2182 872 2257 είς
893 2205 1019 2268 την
1048 2174 1281 2269 ἀρχήν.
1336 2175 1637 2248 ἀνετίθει
1667 2177 1743 2247 δὲ
1769 2205 1949 2272 αυτω
1975 2181 2087 2248 καὶ
2117 2184 2257 2251 τῶν

152 2299 230 2373 ¹2⁰
261 2280 342 2351 ὧι
378 2306 501 2349 του
539 2279 958 2368 ἱπποδρόμου
997 2286 1363 2371 δεσμωτων
1403 2278 1527 2370 τὴν
1564 2278 1846 2370 αφεσιν,
1888 2282 2000 2350 καὶ
2043 2280 2258 2352 πολλὰ

255 2379 343 2453 τὰ
367 2382 493 2472 μὲν
517 2383 874 2471 γεγονότα,
913 2381 994 2453 τά
1033 2384 1107 2453 δὲ
1134 2385 1248 2453 καὶ
1288 2382 1723 2454 πιστεύεσθαι
1757 2384 2102 2474 δυνάμενα
2142 2384 2258 2454 διὰ

257 2483 335 2555 τὸ
364 2485 575 2574 φύσιν
603 2492 781 2574 ἔχειν
819 2493 1136 2575 γίνεσθαι
1174 2482 1313 2557 ὑπό
1352 2514 1424 2556 τε
1462 2488 1813 2577 νεωτέρων
1845 2488 1958 2557 καὶ
1994 2496 2254 2577 φιλοτι-

256 2593 382 2679 μία
405 2593 528 2657 τοῦ
552 2585 783 2677 ἄρχειν
808 2590 1426 2680 προλαμβανόντων
1450 2587 1574 2679 τὴν
1602 2593 1929 2678 ἐξουσίαν,
1958 2594 2256 2673 πένθους

254 2717 333 2760 τε
359 2694 482 2759 τοῦ
508 2691 617 2789 ἐπὶ
643 2697 739 2784 τῷ
764 2695 966 2779 πατρὶ
994 2690 1324 2782 ἀμελείας,
1352 2694 1464 2762 καὶ
1491 2691 1754 2781 κώμους
1786 2689 2146 2762 αὐτονυκτὶ
2172 2698 2256 2782 τῇ

163 2813 222 2855 ²⁶
257 2795 529 2863 ἐκείνου
553 2799 831 2883 τελευτῇ
855 2795 1213 2882 γεγονότας
1232 2817 1246 2831 ·
1300 2791 1411 2884 ἐφ’
1453 2790 1553 2876 οἷς
1579 2793 1673 2884 δὴ,
1687 2797 1798 2864 καὶ
1829 2793 1952 2885 τὴν
1979 2793 2256 2884 πληθῦν

256 2892 472 2988 ἀρχὴν
494 2901 619 2965 τοῦ
645 2897 1019 2988 στασιάζειν
1057 2899 1291 2986 λαβεῖν
1310 2950 1328 2984 ,
1370 2904 1435 2967 εἰ
1457 2903 1731 2968 τοιαῦτα
1770 2892 2251 2988 εὐεργετήσαν-

253 3027 368 3081 τος
394 2994 605 3069 αὐτὸν
631 3004 754 3070 τοῦ
779 2997 1024 3090 πατρὸς
1049 3003 1161 3070 καὶ
1188 2997 1364 3072 οὕτω
1399 3000 1711 3089 μεγάλων
1732 2998 2086 3090 ἠξιωκότος
2111 3027 2250 3070 τοι-

256 3108 442 3172 οῖσδε
460 3098 866 3192 ἀμείβεσθαι
885 3102 1007 3175 τὸν
1021 3106 1250 3189 νέκυν,
1282 3100 1507 3192 ωσπερ
1528 3104 1638 3172 ἐπὶ
1658 3110 1906 3193 σκηνῆς
1931 3103 2254 3192 δακρύειν

257 3204 383 3289 μὲν
409 3206 990 3333 προσποιούμενον
1012 3234 1130 3288 τας
1159 3203 1427 3297 ημέρας,
1456 3203 1883 3275 ἀπολαύοντα
1912 3206 1984 3275 δὲ
2005 3202 2253 3296 ἡδονῆς

164 3326 224 3367 ³0
256 3309 375 3429 τῆς
401 3308 510 3376 ἐπὶ
546 3314 663 3398 τῆς
703 3306 907 3399 ἀρχῆς
934 3305 1084 3379 οσαι
1123 3309 1384 3389 νύκτες.
1442 3317 1819 3395 φανεῖσθαί
1848 3335 1922 3378 τε
1958 3311 2069 3378 καὶ
2095 3312 2254 3398 περὶ

254 3403 377 3476 τὸν
400 3415 709 3502 Καίσαρα
746 3409 1074 3482 τοιόνδε”
1038 3438 1199 3481 οντα
1232 3409 1591 3500 Ἀρχέλαον
1616 3415 2096 3498 συγχωροῦντα
2126 3409 2252 3495 ,τὴν

254 3512 637 3599 βασιλείαν,
690 3509 916 3601 ὁποῖος
956 3515 1222 3603 γένοιτο
1273 3513 1388 3582 καὶ
1428 3511 1584 3600 περὶ
1632 3507 1751 3579 τὸν
1784 3515 2040 3601 πατέρα
2058 3534 2073 3548 ·
2135 3536 2244 3593 χο-
