2500 3882
997 159 1482 218 ΔΩΔΕΚΑΤΗ
1700 164 1705 175 ’
1718 204 1722 211 .
2147 155 2228 218 89

232 326 511 418 ὑβρίσαι
529 331 876 417 θυγατέρα
903 324 947 417 ῆ
972 335 1304 418 περιιδεῖν
1325 332 1589 398 ἐκεῖνον
1618 331 1690 398 ἐν
1716 329 2002 420 αἰσχύνῃ
2030 331 2224 419 γενό-
2329 330 2335 353 ’

231 460 479 521 μενον,
539 433 891 512 ἐπαινέσας
930 429 1140 501 αὐτὸν
1199 429 1234 500 6
1274 430 1585 524 Ἰώσηπος
1624 439 1740 520 τῆς
1780 439 2229 522 φιλαδελφίας

232 535 634 628 συνῴκησεν
663 531 876 603 αὐτοῦ
904 542 984 625 τῇ
1011 538 1307 623 θυγατρὶ
1336 537 1448 603 καὶ
1469 542 1676 604 παῖδα
1704 538 1768 619 ἐξ
1797 533 2005 625 αὐτῆς
2031 539 2226 625 ἐγέν-
2327 546 2332 555 ’

231 660 442 727 νησεν
480 634 839 724 Ὑρκανόν,
883 635 972 717 ὡς
1017 639 1532 762 προειρήκαμεν.
1589 641 1752 708 ἐπεὶ
1795 640 1869 709 δὲ
1910 668 2008 710 ων
2036 661 2224 732 τρισ-

180 761 207 802 5
234 746 516 810 καίδεκα
557 742 725 809 ἐτῶν
761 730 958 822 οὗτος
1005 736 1042 810 6
1082 757 1236 822 παῖς
1273 742 1596 830 νεώτερος
1636 746 2064 812 ἐπεδείκνυτο
2100 740 2225 831 τὴν

233 841 536 932 φυσικὴν
564 841 887 932 ἀνδρείαν
913 845 1027 912 καὶ
1062 843 1361 931 σύνεσιν,
1394 873 1484 925 ως
1510 851 2053 934 ζηλοτυπηθῆναι
2082 851 2226 914 δει-

230 953 365 1027 ‘vc-39
392 944 606 1016 αύτὸν
634 942 769 1015 ὑπὸ
797 953 934 1016 τῶν
973 943 1368 1035 &esame-‘522³‘
1331 975 1493 1016 οντα
1530 946 1704 1016 πολὺ
1734 955 2085 1037 κρείττονα
2112 950 2226 1019 καὶ

234 1056 683 1139 φθονηθῆναι
702 1049 1103 1137 δυνάμενον,
1133 1056 1254 1119 τοῦ
1285 1050 1359 1118 δὲ
1382 1046 1702 1137 Ἰωσήπου
1731 1058 1986 1138 γνῶναι
2011 1051 2224 1140 θελή-

234 1174 474 1234 σαντος
502 1159 603 1232 τίς
631 1148 816 1241 αὐτῷ
845 1159 983 1221 τῶν
1009 1157 1184 1222 υἱῶν
1211 1150 1378 1241 πρὸς
1410 1149 1668 1242 ἀρετην
1691 1179 1769 1221 ευ
1799 1155 2081 1278 πέφυκε,
2111 1156 2225 1225 καὶ

155 1276 202 1316 ¹⁰
236 1252 400 1325 καθ’
453 1258 574 1325 ἕνα
615 1257 997 1343 πέμψαντος
1035 1253 1204 1343 πρὸς
1250 1253 1410 1336 τοὺς
1448 1252 1799 1326 παιδεύειν
1839 1255 1984 1325 τότε
2020 1255 2224 1339 δόξαν

235 1365 539 1446 ἔχοντας,
581 1363 652 1427 οἱ
682 1359 905 1426 λοιποὶ
943 1357 1069 1446 μὲν
1109 1353 1243 1427 ὑπὸ
1289 1360 1631 1448 ρᾳθυμίας
1671 1358 1927 1451 καὶτῆς
1956 1356 2123 1447 πρὸς
2148 1356 2223 1428 τὸ

236 1468 589 1550 φιλεργεῖν
644 1468 973 1549 μαλακίας
1040 1456 1315 1548 ἀνόητοι
1367 1463 1480 1529 καὶ
1546 1457 1831 1548 ἀμαθεῖς
1890 1463 2225 1548 ἐπανῆκον

239 1561 440 1655 αὐτῷ.
507 1563 672 1651 μετὰ
715 1559 780 1632 δ’
829 1567 1133 1643 ἐκείνους
1165 1562 1285 1632 τὸν
1312 1561 1646 1633 νεώτατον
1665 1559 2017 1654 Ὑρκανόν,
2063 1561 2226 1644 δούς

236 1662 424 1759 αὐτῷ
462 1666 809 1755 τριακόσια
852 1666 1052 1754 ζεύγη
1093 1672 1307 1755 βοῶν,
1353 1669 1717 1754 ἐξέπεμψεν
1753 1663 1918 1737 ὁδὸν
1951 1664 2225 1756 ἡμερῶν

159 1793 201 1833 15
238 1769 365 1839 δύο
410 1775 506 1850 είς
539 1767 664 1857 τὴν
704 1776 987 1861 ἔρημον,
1041 1775 1423 1857 σπεροῦντα
1462 1768 1584 1858 τὴν
1624 1775 1785 1858 γῆν,
1828 1766 2226 1859 ἀποκρύψας

234 1869 393 1954 τούς
434 1879 795 1960 ζευκτῆρας
835 1872 1127 1961 ἱμάντας.
1217 1868 1259 1943 ὃ
1299 1871 1375 1941 δὲ
1411 1872 1773 1962 γενόμενος
1811 1877 1886 1943 ἐν
1921 1880 2014 1967 τῷ
2043 1874 2225 1966 τόπῳ
2295 1874 2304 1883 ’

236 1977 349 2045 καὶ
403 1974 563 2056 τοὺς
625 1975 898 2063 ἱμάντας
945 1972 1073 2045 οὐκ
1118 1981 1325 2065 ἔχων,
1380 1984 1495 2064 τῆς
1533 1976 1657 2063 μὲν
1699 1983 1834 2046 τῶν
1875 1983 2225 2065 βοηλατῶν

236 2077 509 2167 γνώμης
545 2078 995 2167 κατηλόγησε,
1050 2078 1659 2166 συμβουλευόντων
1717 2079 2004 2165 πέμπειν
2058 2076 2225 2165 πρὸς

236 2179 358 2250 τὸν
385 2183 640 2271 πατέρα
672 2179 1072 2268 κομιοῦντάς
1099 2208 1284 2263 τινας
1309 2178 1466 2260 τούς
1496 2177 1790 2267 ἱμάντας,
1820 2179 1944 2249 τὸν
1972 2186 2014 2248 δ
2018 2180 2048 2249 ὲ
2073 2208 2226 2249 και-

155 2308 208 2349 w
240 2282 365 2373 ρόν
404 2280 822 2372 ἡγησάμενος
851 2282 941 2372 μὴ
984 2289 1131 2353 δεῖν
1172 2280 1548 2354 ἀπολλύναι
1589 2285 2029 2372 περιμένοντα
2070 2281 2227 2364 τοὺς

237 2384 938 2475 ἀποσταλησομένους,
982 2386 1308 2477 ἐπενόησέ
1350 2415 1413 2454 τι
1458 2384 1901 2475 στρατηγικὸν
1959 2389 2070 2455 καὶ
2110 2393 2228 2475 τῆς

235 2485 499 2577 ηλικίας
527 2488 1007 2579 πρεσβύτερον.
1076 2488 1498 2578 κατασφάξας
1525 2487 1652 2580 γὰρ
1683 2491 1843 2560 δέκα
1874 2489 2108 2579 ζεύγη,
2146 2488 2228 2559 τὰ
2256 2499 2269 2512 “

239 2593 364 2680 μὲν
406 2593 569 2683 κρέα
607 2607 748 2673 τοῖς
787 2590 1092 2680 ἐργάταις
1121 2596 1457 2681 διένειμε,
1500 2591 1719 2680 τεμών
1759 2592 1835 2662 δὲ
1872 2590 1987 2672 τὰς
2024 2591 2228 2680 δορὰς

242 2690 472 2763 αὐτῶν
511 2697 625 2764 καὶ
662 2694 943 2783 ποιήσας
989 2695 1263 2783 ἱμάντας
1303 2698 1574 2819 ἐνέδησε
1615 2697 1878 2776 τούτοις
1920 2694 1999 2764 τὰ
2040 2695 2225 2782 ζυγά,
2258 2709 2270 2722 ‘

152 2818 209 2857 25
245 2798 359 2865 καὶ
389 2804 632 2867 τοῦτον
660 2795 778 2868 τὸν
803 2797 1056 2888 τρόπον
1083 2806 1357 2885 σπείρας
1382 2826 1468 2885 ην
1494 2794 1552 2867 ὁ
1560 2796 1775 2885 πατὴρ
1805 2795 1987 2887 αὐτῷ
2016 2818 2226 2883 προσ-

237 2901 425 2982 έταξε
454 2907 584 2988 γῆν
611 2897 987 2991 ὑπέστρεψε
1013 2897 1182 2992 πρὸς
1208 2898 1438 2970 αὐτόν.
1507 2899 1796 2969 ἐλθόντα
1834 2895 1899 2968 δ’
1947 2894 1983 2966 6
2012 2895 2226 2988 πατὴρ

234 2998 721 3092 υπερηγάπησε
763 3011 885 3073 τοῦ
933 3003 1390 3095 φρονήματος,
1447 3004 1560 3071 καὶ
1613 3000 1737 3086 τὴν
1780 2996 2062 3088 ὀξύτητα
2113 3009 2228 3090 τῆς

234 3110 542 3187 διανοίας
569 3108 681 3175 καὶ
710 3103 785 3175 τό
816 3101 923 3176 ἐπ’
957 3103 1128 3195 αὐτῇ
1147 3101 1481 3194 τολμηρὸν
1508 3104 1876 3189 ἐπαινέσας,
1906 3099 1993 3181 ὦς
2016 3103 2232 3191 μόνον

128 3227 155 3238 “
234 3235 400 3279 οντα
452 3207 740 3297 γνήσιον
798 3216 895 3278 ἔτι
963 3214 1217 3296 μαλλον
1272 3214 1577 3296 ἔστεργε,
1639 3201 2036 3293 ἀχθομένων
2091 3214 2228 3277 τῶν

150 3327 203 3371 ⁸⁰
236 3307 560 3399 ἀδελφων
595 3312 705 3382 ἐπὶ
729 3309 963 3403 τούτω.

6 3445 9 3456 >
1777 3436 1819 3477 ν
2186 3437 2227 3477 ν

6 3459 9 3524 '
236 3379 2237 3609 υωιῗῷδβαῖἶὲἶῖγῗῑῖῗῖλἷᾶἶ.ίζῖῗγῖἴῆἔέἕῖἷίαἷῗιέἷῖἑέἷι
2264 3423 2297 3478 ⁷
