2500 3882
327 164 401 224 16
528 208 535 219 ,
986 122 1634 223 ΑΡΧΑΙΟΛΟΓΙΑΣ

316 334 604 425 σκευήν,
663 336 775 403 καὶ
827 334 1270 419 σπουδάζουσι
1314 337 1465 423 περὶ
1516 333 1727 424 αὐτὴν
1778 351 1914 417 τοῖς
1965 334 2309 416 Ἰουδαίοις

228 428 235 441 “
272 516 287 521 ,
319 436 660 528 ἀναβολὴν
699 439 810 519 καὶ
851 435 1089 528 τριβὴν
1131 439 1793 529 πραγματεύσασθαι.
1869 438 2035 508 κατὰ
2072 439 2146 509 δὲ
2189 437 2309 509 τὸν
2357 506 2360 509 ,

308 541 556 634 καιρὸν
590 547 831 619 τοῦτον
869 539 1266 629 ἀναβάντων
1307 547 1401 621 εἰς
1428 537 1849 632 Ἱεροσόλυμα
1873 548 2159 613 Σισίνου
2188 546 2312 612 τοῦ

315 652 433 736 τῆς
461 651 737 735 ’Συρίας
790 645 902 712 καὶ
958 651 1277 733 Φοινίκης
1318 644 1633 769 ἐπάρχου
1660 647 1773 714 καὶ
1823 644 2306 737 Σαραβαζάνου
2379 724 2386 729 ,

317 747 482 838 μετὰ
522 749 635 818 καὶ
673 751 879 815 τινῶν
917 747 1194 837 ἑτέρων,
1240 749 1355 816 καὶ
1403 745 1557 828 τοῦς
1599 743 1926 836 ηγεμόνας
1965 754 2105 818 τῶν
2134 746 2298 816 Ἰου-
2341 768 2368 809 5

319 859 532 921 δαίων
584 852 921 940 ἐρομένων
970 856 1161 933 τίνος
1202 847 1448 951 αὐτοῖς
1490 850 2040 945 συγχωρήσαντος
2098 848 2308 930 οὕτως

314 957 743 1041 οἰκοδομοῦσι
783 949 902 1021 τὸν
928 950 1097 1022 ναὸν
1139 980 1227 1032 ως
1255 951 1588 1045 φρούριον
1613 950 1822 1023 αὐτὸν
1855 953 2028 1023 εἶναι
2056 960 2310 1043 μᾶλλον

238 1090 243 1097 ·
314 1054 358 1147 ἢ
400 1054 615 1147 ἱερόν,
656 1056 768 1124 καὶ
808 1061 880 1125 τί
914 1055 1161 1145 δήποτε
1197 1053 1314 1138 τὰς
1350 1055 1545 1138 στοάς
1582 1059 1695 1126 καὶ
1719 1054 1799 1126 τά
1824 1063 2005 1146 τείχη
2034 1065 2305 1148 περιβε-

314 1151 597 1249 βλήκασι
637 1163 717 1251 τῇ
759 1158 949 1229 πόλει
995 1157 1260 1248 σφόιῆὶα
1307 1157 1550 1249 ὀχυρά,
1567 1148 2070 1250 Ζοροβάβηλος
2112 1162 2225 1229 καὶ
2272 1155 2307 1228 6

313 1260 662 1353 ἀρχιερεὺς
681 1259 930 1351 Ἰησοῦς
958 1261 1242 1343 δούλους
1271 1262 1394 1352 μὲν
1428 1259 1673 1344 αὖτοὺς
1700 1269 1974 1352 ἔφασαν
1986 1263 2160 1333 εἶναι
2187 1267 2309 1332 τοῦ
2353 1286 2402 1326 1⁰

312 1373 634 1456 μεγίστου
671 1371 876 1452 θεοῦ,
927 1362 1075 1434 τὸν
1068 1366 1162 1436 δὲ
1196 1365 1369 1436 ναὸν
1409 1370 1648 1436 τοῦτον
1677 1364 1859 1437 αύτω
1893 1386 2303 1447 κατασκευα-

311 1474 566 1540 σθέντα
616 1464 749 1538 ὗπό
796 1472 1121 1557 βασιλέως
1174 1466 1402 1540 αὐτων
1454 1442 1851 1559 εὖδαίμούος
1889 1473 2001 1539 καὶ
2054 1471 2310 1555 πάντας

313 1570 851 1662 υπερβάλλοντος
893 1569 1096 1663 ἀρετῇ
1136 1570 1355 1642 πολὺν
1399 1579 1735 1662 διαμειναι
1783 1570 2063 1663 χρόνον·
2114 1569 2308 1642 “gazaz

314 1677 426 1762 δέ,
463 1679 603 1744 τῶν
629 1676 937 1764 πατέρων
962 1672 1440 1763 ἀσεβησάντων
1465 1682 1560 1756 είς
1584 1673 1703 1744 τὸν
1729 1675 1917 1762 θεόν,
1948 1683 2303 1764 Ναβουχο-

314 1773 672 1866 δονόσορος
695 1773 731 1847 6
758 1784 1220 1865 Βαβυλωνίων
1244 1781 1359 1847 καὶ
1389 1766 1751 1848 Χαλδαίων
1771 1779 2108 1866 βασιλεύς,
2137 1775 2312 1849 ἑλών
2353 1799 2402 1839 15

308 1881 434 1972 τὴν
461 1881 660 1952 πόλιν
690 1876 857 1950 κατὰ
898 1878 1167 1972 κράτος,
1209 1877 1421 1971 αὐτήν
1447 1909 1518 1952 τε
1554 1878 1832 1952 καθεῖλε
1858 1883 1972 1952 καὶ
1997 1880 2116 1954 τὸν
2142 1879 2309 1954 ναὸν

310 1985 603 2075 συλήσας
631 1986 952 2072 ἐνέπρησε
978 1985 1092 2053 καὶ
1118 1980 1237 2053 τὸν
1269 1982 1435 2055 λαὸν
1461 1985 1844 2080 μετῴκισεν
1865 1986 2306 2076 αἰχμάλωτον,

312 2085 706 2179 μεταγαγών
733 2093 827 2167 εἰς
852 2091 1265 2177 Βαβυλῶνα,
1297 2093 1523 2177 Κῦρος
1548 2085 1583 2159 6
1615 2086 1758 2178 μετ’
1794 2086 2001 2159 αὐτὸν
2026 2095 2142 2179 τῆς
2166 2096 2302 2182 βα-

210 2208 279 2262 45
314 2197 653 2281 βυλωνίας
686 2192 799 2259 καὶ
823 2196 1156 2282 Περσίδος
1183 2191 1585 2279 βασιλεύσας
1629 2198 1923 2284 ἔγραψεν
1951 2198 2306 2279 οἰκοδομη-

310 2302 523 2385 θῆναι
559 2292 678 2363 τὸν
712 2292 915 2381 ναόν,
961 2295 1074 2362 καὶ
1113 2293 1332 2363 πάντα
1362 2292 1497 2368 »ὅσα
1537 2294 1943 2384 μετήνεγκεν
1990 2298 2055 2375 ἐξ
2094 2290 2309 2361 αὐτοῦ
2347 2314 2407 2352 2⁰

311 2397 992 2487 Ναβουχοδονόσορος
1019 2393 1421 2487 ἀναθήματα
1443 2400 1559 2466 καὶ
1587 2397 1827 2484 σκεύη,
1856 2392 2308 2486 Ζοροβαβήλῳ

311 2498 655 2592 παραδοὺς
679 2502 792 2569 καὶ
821 2499 1219 2589 Μιθριδάτῃ
1248 2506 1343 2593 τῷ
1369 2500 1776 2589 γαζοφύλακι
1806 2500 2306 2587 προσέταξεσιο-

298 2611 499 2692 ,μίσαι
530 2609 624 2685 εἰς
650 2598 1072 2695 Ἱεροσόλυμα
1110 2605 1221 2671 καὶ
1253 2603 1457 2673 πάλιν
1486 2608 1581 2683 εἰς
1617 2600 1734 2672 τὸν
1762 2607 1938 2671 ἴδιον
1970 2598 2307 2673 ἀποκατα-

313 2713 550 2796 στῆσαι
583 2706 749 2777 ναὸν
788 2708 1339 2795 οἰκοδομηθέντα.
1393 2709 1603 2775 τοῦτο
1643 2704 1770 2794 γὰρ
1810 2706 2192 2776 ἐπέστειλεν
2233 2707 2309 2773 έν

312 2811 877 2900 τάχειγενέσθαι,
905 2806 1315 2898 Ἀβάσσαρον
1348 2807 1666 2891 κελεύσας
1692 2805 2033 2897 ἀναβάντα
2070 2816 2164 2891 εἰς
2180 2802 2300 2876 Ἱε-
2346 2833 2402 2872 25

314 2914 658 3004 ροσόλυμα
705 2919 819 3003 τῆς
872 2918 1254 3002 οἰκοδομίας
1298 2918 1420 2982 τοῦ
1457 2918 1626 2986 ναοῦ
1679 2912 2088 3003 ποιήσασθαι
2141 2912 2308 3001 πρό-

315 3039 540 3088 νοιαν·
579 3014 650 3099 ὃς
676 3015 842 3106 μετὰ
867 3015 941 3085 τό
969 3023 1205 3105 λαβεῖν
1239 3014 1419 3106 παρὰ
1444 3016 1681 3106 Κύρου
1713 3015 2062 3105 γράμματα
2092 3042 2311 3104 παρα-

314 3119 672 3206 γενόμενος
717 3116 928 3199 εὐθύς
958 3118 1133 3199 τοῦς
1180 3118 1542 3208 θεμελίους
1589 3118 2011 3207 κατεβάλετο.
2088 3120 2197 3188 καὶ
2243 3120 2314 3199 ἐξ

319 3224 583 3291 ἐκείνου
631 3229 754 3294 τοῦ
806 3221 1052 3314 χρόνου
1102 3222 1749 3312 κατασκευαζόμενος
1801 3226 1991 3312 μέχρι
2032 3222 2142 3290 καὶ
2190 3226 2318 3288 τοῦ

302 3328 524 3410 δεῦρο
560 3322 671 3391 διὰ
708 3325 832 3414 τὴν
873 3352 1011 3395 των
1057 3328 1335 3413 έχθρων
1365 3325 1779 3415 κακοήθειάν
1831 3328 2013 3395 ἐστιν
2051 3322 2307 3411 ἀτελής.
2354 3350 2407 3392 3ο

226 3425 231 3432 ’
321 3430 385 3492 εἰ
433 3429 667 3491 τοίνυν
719 3428 1052 3511 βούλεσθε
1104 3431 1219 3498 καὶ
1276 3431 1687 3519 δοκιμάζετε,
1745 3421 2043 3518 γράψατε
2101 3431 2315 3495 ταῦτα

296 3531 623 3618 Δαρείω,
673 3521 850 3606 όπως
902 3530 1426 3621 ἐπισκεψάμενος
1466 3532 1546 3602 τὰ
1582 3562 1718 3603 των
1765 3532 2096 3620 βασιλέων
2136 3525 2309 3599 ὑπο-
