2500 3882
989 129 1481 189 ΔῼΔΕΚΑΤΗ
1716 108 1721 112 ’
2142 131 2226 195 n

211 304 631 392 καινουργίᾳ
658 301 774 369 καὶ
824 304 907 389 τῇ
959 301 1369 392 λαμπρότητι
1422 306 1540 401 τῆς
1563 302 2002 405 κατασκευῆς
2049 301 2223 373 πολὺ
2335 321 2342 325 ’

211 411 567 531 κρείττονα
592 405 706 473 καὶ
726 411 1174 493 περίβλεπτον
1201 396 1743 496 ἀπεργάσασθαι·
1785 413 1924 476 τῶν
1952 407 2028 476 δὲ
2056 434 2219 529 κρα-
2258 437 2293 492 9
2404 424 2414 437 ¹

213 507 443 598 τήρων
482 506 756 598 χρύσεοι
796 505 923 595 μὲν
950 498 1123 596 ἦσαν
1158 507 1315 595 δύο,
1357 506 1745 598 φολιδωτὴν
1772 511 1847 580 δὲ
1887 509 2065 598 εἶχον
2091 507 2225 581 ἀπὸ

214 618 334 701 τῆς
360 611 624 700 βάσεως
650 613 990 713 μέχριχτοῦ
1017 611 1464 701 διαζώσματος
1499 611 1625 703 τὴν
1660 621 1960 703 τορείαν,
2003 622 2225 697 λίθων

163 742 195 784 ε
218 731 368 795 ταῖς
417 721 727 805 σπείραις
775 722 1103 785 ποικίλων
1141 718 1622 804 ἐνδεδεμένων.
1691 715 1833 786 εἶτα
1888 714 1996 786 ἐπ’
2055 713 2226 806 αὐτῇ

223 823 591 909 μαίανδρος
617 833 940 907 πηχυαῖος
965 816 1040 901 τὸ
1076 815 1248 903 ὕψος
1276 823 1653 909 ἐξείργαστο
1694 817 1862 889 κατὰ
1895 820 2227 890 σύνθεσιν

222 928 451 992 λίθων
476 928 818 991 παντοίων
835 921 960 1010 τὴν
979 923 1188 992 ἰδέαν.
1227 920 1366 992 κατ’
1386 919 1596 992 αὐτοῦ
1618 922 1693 992 δὲ
1711 924 2047 1012 ῥάβδωσις
2065 920 2222 993 ἀνε-
2261 949 2270 954 ’

148 1093 153 1099 .
221 1028 599 1113 γέγλυπτο,
629 1021 790 1094 καθ’
833 1015 913 1114 ἦς
953 1027 1213 1115 πλέγμα
1242 1023 1593 1116 ῥομβωτὸν
1622 1026 1916 1108 δικτύοις
1945 1025 2230 1116 ἐμφερὲς

226 1132 358 1210 ἕως
384 1131 509 1197 τοῦ
534 1134 799 1214 χείλους
825 1125 1246 1204 ἀνείλκυστο.
1291 1127 1374 1222 τὰ
1401 1128 1476 1198 δὲ
1504 1132 1671 1218 μέσα
1701 1137 1922 1199 λίθων
1948 1127 2229 1200 ἀσπίδια

148 1251 195 1293 ¹⁰
228 1224 788 1322 τετραδακτύλων
813 1229 1237 1327 ἀνεπλήρου
1223 1230 1300 1301 τὸ
1340 1231 1602 1312 κάλλος.
1657 1235 2129 1320 περιεστέφετο
2157 1232 2234 1302 δὲ

11 1256 29 1439 ν
225 1334 309 1406 τὰ
336 1341 524 1423 χείλη
552 1338 673 1404 τοῦ
700 1340 1027 1425 κρατῆρος
1053 1342 1312 1425 κρίνων
1341 1338 1603 1423 σμίλαξι
1631 1336 1744 1403 καὶ
1771 1332 2091 1424 ἀνθεμίσι
2118 1335 2233 1405 καὶ

188 1437 540 1529 βοτρύων
582 1446 904 1568 σχοινίαις
941 1443 1035 1520 είς
1077 1437 1331 1508 κύκλον
1368 1439 1860 1528 περιηγμέναις.
1915 1436 2072 1518 τούς
2112 1437 2237 1526 μὲν

230 1532 361 1610 οὖν
397 1542 722 1630 χρυσέους
761 1536 1127 1631 κρατῆρας,
1166 1540 1291 1611 δύο
1332 1547 1716 1630 χωροῦντας
1756 1541 2070 1628 ἑκάτερον
2105 1537 2232 1631 ἀμ-

231 1646 513 1734 φορέας,
541 1647 784 1714 τοῦτον
820 1644 1319 1715 κατεσκεύασαν
1355 1644 1472 1715 τὸν
1496 1645 1780 1737 τρόπον·
1833 1650 1904 1716 οἰ
1924 1643 1988 1714 δ’
2022 1642 2232 1736 ἀργύ-

149 1775 198 1817 15
232 1776 373 1838 ρεοι
406 1774 548 1816 των
578 1745 923 1837 ἐσόπτρων
949 1746 1074 1838 τὴν
1110 1747 1535 1838 λαμπρότητα
1570 1747 1748 1819 πολυ
1775 1752 2242 1837 διαυγέστεροι

230 1849 653 1940 γεγόνεισαν,
686 1845 775 1930 ὥς
801 1855 1198 1944 τρανοτέρας
1227 1850 1340 1921 διά
1359 1851 1618 1923 τούτων
1634 1850 1750 1932 τάς
1766 1858 1903 1921 τῶν
1932 1874 2230 1944 προσφε-

122 2035 129 2042 ,
233 1957 545 2046 ρομένων
571 1951 759 2037 ὄψεις
785 1950 1096 2045 ὁρᾶσθαι.
1150 1956 1771 2045 προσκατεσκεύασε
1801 1956 1874 2025 δὲ
1902 1956 2160 2035 τούτοις
2202 1949 2239 2023 ὅ

234 2054 557 2149 βασιλεὺς
580 2060 693 2127 καὶ
724 2058 969 2143 φιάλας
997 2056 1392 2146 τριάκοντα,
1421 2049 1517 2128 ὧν
1544 2055 1667 2127 ὅσα
1692 2056 1934 2147 χρυσὸς
1960 2050 2047 2146 ἦν
2071 2053 2241 2153 ἀλλὰ

235 2159 325 2252 μὴ
363 2170 545 2254 λίθῳ
586 2169 943 2231 πολυτελεῖ
978 2166 1360 2249 διείληπτο,
1411 2163 1671 2248 σμίλαξι
1701 2165 1938 2229 κισσοῦ
1970 2162 2083 2229 καὶ
2118 2185 2236 2230 πε-

153 2288 206 2330 2)
238 2264 464 2344 τάλοις
504 2259 824 2353 ἀμπέλων
864 2267 1169 2343 ἐσκίαστο
1209 2266 1618 2353 φιλοτέχνως
1644 2265 2239 2354 ἐντετορευμένων.

234 2372 446 2438 ταῦτα
474 2362 541 2434 δ’
582 2370 841 2454 ἐγίνετο
869 2363 993 2456 μὲν
1030 2368 1146 2436 καὶ
1175 2364 1290 2436 διὰ
1326 2363 1451 2456 τὴν
1490 2369 1841 2458 ἐμπειρίαν
1865 2372 2006 2438 τῶν
2038 2370 2237 2458 ἐργα-

235 2473 571 2560 ζομένων,
609 2477 1013 2560 θαυμασίων
1048 2467 1269 2540 ὄντων
1304 2472 1457 2558 περὶ
1490 2469 1615 2561 τὴν
1639 2476 1913 2560 τέχνην,
1950 2469 2124 2543 πολύ
2164 2470 2242 2540 δὲ

239 2580 498 2663 μᾶλλον
530 2567 665 2640 ὑπὸ
700 2578 817 2662 τῆς
851 2600 972 2643 του
1013 2575 1339 2666 βασιλέως
1376 2580 1676 2663 σπουδῆς
1714 2576 1827 2644 καὶ
1860 2580 2243 2664 φιλοτιμίας

245 2674 706 2778 διαφερόντως
732 2671 1147 2766 ἀπηρτίζετο·
1178 2674 1261 2747 οὗ
1279 2704 1406 2768 γαρ
1429 2704 1546 2766 της
1569 2685 1883 2768 χορηγίας
1910 2675 1984 2747 τὸ
2012 2676 2239 2764 ἀφθο-

150 2809 211 2851 oe
245 2808 374 2849 νον
391 2780 502 2847 καὶ
529 2778 1001 2868 μεγαλόψυχον
1022 2794 1159 2860 τοῖς
1185 2787 1513 2867 τεχνίταις
1533 2796 1805 2870 παρεῖχε
1824 2780 2055 2868 μόνον,
2064 2774 2247 2853 ἀλλὰ

236 2884 354 2954 καὶ
380 2880 456 2952 τὸ
480 2889 904 2971 χρηματίζειν
929 2898 1067 2963 τοῖς
1094 2888 1437 2971 δημοσίοις
1464 2881 1845 2973 πράγμασιν
1871 2877 2247 2970 ἀπειρηκως

236 2982 443 3065 αὐτὸς
473 3000 613 3066 τοῖς
649 2985 1214 3070 κατασκευάζουσι
1256 2990 1480 3074 παρῆν
1522 2986 1633 3053 καὶ
1679 2982 1805 3074 τὴν
1836 2980 2003 3072 όλην
2044 2985 2241 3074 ἐργα-

235 3096 399 3160 σίαν
431 3090 823 3177 ἐπέβλεπεν.
876 3098 1094 3159 αἴτιον
1124 3086 1189 3159 δ’
1234 3078 1324 3177 ἦν
1358 3091 1553 3157 τοῦτο
1589 3092 1710 3176 τῆς
1750 3091 1889 3157 τῶν
1924 3092 2244 3175 τεχνιτῶν

240 3195 659 3281 ἐπιμελείας,
703 3198 773 3272 οἳ
796 3188 960 3280 πρὸς
1003 3190 1122 3262 τὸν
1153 3191 1430 3280 βασιλέα
1466 3192 1579 3259 καὶ
1605 3188 1729 3280 τὴν
1758 3188 2001 3261 τούτου
2030 3214 2241 3261 σπου-

155 3323 210 3368 ⁸⁰
242 3293 375 3383 δὴν
401 3291 898 3384 ἀποβλέποντες
926 3293 1474 3385 φιλοπονώτερον
1499 3308 1642 3375 τοῖς
1677 3299 1898 3383 ἔργοις
1931 3302 2240 3385 προσελι-

238 3397 531 3487 πάρουν.
2181 3447 2186 3453 -

404 3505 612 3571 ταῦτα
637 3501 763 3590 μὲν
786 3497 870 3572 τὰ
899 3501 1299 3589 πεμφθέντα
1338 3505 1433 3581 είς
1456 3494 1879 3591 Ἱεροσόλυμα
1904 3493 2037 3568 ὑπὸ
2066 3503 2243 3563 Πτο·
2286 3513 2354 3565 10
