2500 3882
635 601 1191 718 ιοΥΛᾼΙΚΗΣ
1225 619 1920 699 ΑΡΧΑΙοΛοΓιΑΣ

847 791 1176 857 ,ΒΙΒΛΟΣ
1212 798 1698 888 ΕΝᾼΕΚΑΤΗ.
2043 765 2052 770 ’

514 1039 556 1088 Ο
1250 1057 1283 1080 κ

432 1124 541 1211 Τῷ
572 1119 646 1188 δὲ
687 1120 935 1215 πρῶτω
968 1127 1099 1191 ἔτει
1138 1127 1253 1211 τῆς
1290 1121 1526 1213 Κύρου
1563 1130 1903 1211 βασιλείας
1943 1126 2166 1209 (τοῦτο
2197 1120 2262 1191 δ’

265 1212 356 1310 ἦν
386 1221 950 1311 ἑβδομηκοστόν’
911 1221 1032 1313 αφ’
1063 1215 1143 1315 ἦς
1165 1221 1415 1316 ἡμέρας
1434 1231 1920 1316 μεταναστῆναι
1956 1222 2076 1295 τὸν
2100 1223 2267 1295 λαὸν

268 1321 465 1413 ἡμῶν
492 1327 571 1393 ἐκ
597 1333 714 1415 τῆς
743 1327 992 1408 οἰκείας
1030 1335 1124 1409 εἰς
1152 1334 1531 1417 Βαβυλῶνα
1558 1332 1960 1413 συνέπεσεν)
1984 1324 2330 1417 ἠλέησεν·

269 1424 305 1497 5
335 1424 501 1508 θεὸς
527 1427 656 1517 τὴν
682 1436 1135 1520 αἰχμαλωσίαν
1158 1433 1268 1501 καὶ
1295 1429 1420 1521 τὴν
1439 1429 1797 1522 συμφορὰν
1822 1434 2105 1500 ἐκείνων
2129 1436 2268 1501 τῶν

209 1555 237 1596 ε
269 1529 752 1620 ταλαιπώρων,
794 1530 1022 1614 καθως
1056 1550 1377 1624 προεῖπεν
1403 1532 1630 1616 αὐτοῖς
1663 1532 1776 1605 διὰ
1790 1531 2110 1625 Ἰερεμίου
2143 1539 2266 1604 τοῦ

266 1631 625 1724 προφήτου
654 1637 816 1724 πρὶν
844 1631 885 1726 ἦ
913 1642 1419 1727 κατασκαφῆναι
1462 1634 1587 1727 τὴν
1612 1638 1843 1724 πόλιν,
1888 1633 1977 1718 ῶς
2002 1636 2168 1726 μετὰ
2191 1637 2266 1708 τὸ

267 1742 637 1808 δουλεῦσαι
664 1739 1324 1834 Ναβουχοδονοσόρῳ
1369 1743 1479 1811 καὶ
1518 1757 1656 1822 τοῖς
1691 1741 1988 1829 ἐκγόνοις
2029 1738 2263 1828 αὐτοῦ,

265 1842 378 1909 καὶ
430 1840 685 1930 ταύτην
732 1837 1092 1932 ὑπομεῖναι
1142 1842 1268 1933 τὴν
1315 1849 1632 1923 δουλείαν
1672 1847 1782 1915 ἐπὶ
1816 1850 1929 1932 ἔτη
1973 1845 2258 1933 ἑβδομή-

210 1958 213 1965 ’
266 1971 470 2013 κοντα
484 1996 506 2030 ,
556 1947 762 2016 πάλιν
806 1944 1050 2027 αὐτοὺς
1093 1953 1188 2029 εἰς
1228 1946 1352 2038 τὴν
1403 1948 1683 2037 πάτριον
1736 1945 2261 2036 ἀποκαταστήσει
2385 2020 2392 2027 Χ

185 2069 235 2107 ¹⁰
270 2053 433 2134 γῆν,
458 2051 573 2117 καὶ
599 2046 717 2119 τὸν
747 2048 916 2120 ναὸν
941 2050 1481 2141 οἰκοδομήσουσι,
1512 2053 1624 2120 καὶ
1651 2056 1767 2139 τῆς
1792 2047 2066 2139 ἀρχαίας
2092 2048 2257 2118 ἀπο-

270 2148 636 2221 λαύσουσιν
671 2148 1118 2240 εὐδαιμονίας.
1164 2149 1351 2221 ταῦτ’
1383 2148 1609 2231 αὐτοῖς
1638 2155 1957 2241 παρέσχε·
2003 2176 2255 2276 παρορ-

258 2250 473 2341 μήσας
512 2282 641 2343 γαρ
682 2251 809 2343 τὴν
851 2254 1088 2345 Κύρου
1139 2252 1364 2344 ψυχὴν
1404 2256 1718 2343 ἐποίησεν
1761 2249 1968 2349 αυτὸν
2003 2252 2258 2340 γράψαι

136 2373 161 2381 '
258 2382 430 2427 κατα
484 2361 709 2426 πᾶσαν
755 2353 879 2446 τὴν
922 2354 1151 2427 Ἀσίαν
1193 2386 1294 2427 οτι
1345 2361 1571 2446 Κῦρος
1620 2353 1657 2427 5
1709 2342 2023 2445 βασιλεὺς
2078 2362 2258 2445 λε’γει

248 2454 453 2527 “gast
480 2487 564 2549 με
591 2455 628 2529 5
657 2458 819 2540 θεὸς
847 2455 884 2530 5
910 2463 1212 2549 μέγιστος
1234 2466 1352 2551 τῆς
1375 2464 1770 2550 οἰκουμένης
1795 2457 2099 2543 ἀπέδειξε
2125 2468 2248 2549 βα-

173 2582 223 2624 15
260 2564 486 2649 σιλέα,
542 2570 865 2651 πείθομαι
903 2569 1143 2634 τοῦτον
1190 2563 1364 2633 εἶναι
1404 2560 1486 2633 ὃν
1533 2562 1607 2635 τὸ
1646 2570 1785 2634 τῶν
1828 2561 2253 2655 Ἰσραηλιτῶν

210 2672 219 2681 “
255 2671 460 2745 ἔθνος
487 2683 874 2756 προσκυνεῖ.
937 2669 1048 2737 καὶ
1070 2664 1214 2756 ,γάρ
1254 2664 1503 2757 τούμὸν
1542 2683 1864 2758 προεῖπεν
1902 2665 2110 2755 ὄνομα
2141 2664 2254 2734 διὰ

255 2771 402 2835 τῶν
439 2775 800 2858 προφητῶν
818 2821 837 2855 ,
876 2772 989 2839 καὶ
1014 2767 1114 2841 ὅτι
1142 2767 1260 2841 τὸν
1295 2769 1463 2840 ναὸν
1492 2768 1700 2841 αὐτοῦ
1728 2769 2143 2857 οἰκοδομήσω
2174 2770 2249 2836 ἐν

242 2866 730 2962 Ἱεροσολύμοις
765 2875 842 2941 ἐν
866 2877 948 2962 τῇ
967 2871 1255 2965 Ἰουδαία
1280 2866 1518 2964 χῶρᾳ.”
1566 2879 1775 2943 ταῦτα
1801 2869 1866 2940 δ’
1899 2877 2074 2957 ἔγνω
2098 2875 2240 2940 Κῦ-
2273 2891 2307 2944 2

248 3002 368 3061 ρος
397 2972 886 3064 ἀναγινώσκων
912 2974 987 3045 τὸ
1014 2984 1282 3065 βιβλίον
1306 2971 1345 3044 ὃ
1380 2979 1496 3064 τῆς
1523 2972 1732 3045 αὐτοῦ
1760 2981 2164 3065 προφητείας
2203 2971 2245 3061 ῥ

159 3092 215 3132 2⁰
245 3074 523 3159 Ἡσαΐας
544 3083 860 3150 κατέλιπε
897 3078 1027 3169 πρὸ
1069 3083 1238 3148 ἐτῶν
1278 3084 1641 3149 διακοσίων
1680 3080 1791 3149 καὶ
1822 3078 1999 3148 δέκα.
2053 3068 2247 3156 οὗτος

244 3179 377 3269 γὰρ
402 3186 482 3255 ἐν
505 3180 863 3277 ἀπορρήτῳ
903 3182 1048 3253 εἶπε
1074 3188 1284 3253 ταῦτα
1314 3185 1539 3270 λέγειν
1581 3179 1701 3251 τὸν
1738 3177 1905 3266 θεὸν
1941 3177 2041 3251 ὅτι
2079 3181 2239 3269 βού-

251 3291 446 3373 λομαι
477 3288 713 3375 Κῦρον
740 3286 875 3374 ἐγώ
890 3337 910 3373 ,
937 3283 1018 3358 ὃν
1053 3289 1323 3357 πολλῶν
1352 3288 1579 3356 ἐθνῶν
1605 3286 1717 3355 καὶ
1745 3285 2053 3374 μεγάλων
2080 3278 2240 3353 ἀπέ-

254 3390 433 3471 δειξα
460 3392 777 3478 βασιλέα,
813 3393 1065 3480 πέμψαι
1103 3417 1236 3479 μου
1263 3386 1382 3458 τὸν
1421 3385 1585 3458 λαόν
1617 3394 1709 3470 εἰς
1744 3388 1868 3478 τὴν
1905 3393 2088 3457 ἰδίαν
2114 3389 2248 3471 γῆν

246 3492 361 3560 καὶ
386 3497 836 3582 οἰκοδομῆσαί
853 3522 984 3589 μου
1015 3490 1134 3564 τὸν
1162 3491 1350 3564 ναόν.
1389 3496 1597 3563 ταῦτα
1626 3491 1895 3571 Ἡσαΐας
1922 3501 2242 3580 προεῖπεν
2324 3534 2330 3551 ·

296 3654 309 3665 .
371 3618 634 3671 losssPn.
667 3622 763 3672 111.
1872 3607 1901 3665 1
2079 3616 2082 3619 “
