2500 3882
1105 254 1315 325 ΒῑοΣ
1377 304 1414 349 ;
1502 223 1514 231 ’
2007 236 2012 245 ’
2077 258 2199 322 353

207 435 285 504 δὲ
329 442 423 515 εἰς
452 432 576 523 τὴν
593 428 847 541 Ρωμην
876 424 1151 523 ηκομεν,
1182 441 1429 522 πολλῆς
1457 439 1697 520 ἔτυχον
1723 430 1906 522 παρὰ
1927 430 2195 505 'Bemm-

209 543 448 607 σιανοῦ
494 545 845 625 προνοίας·
915 539 1057 606 καὶ
1052 535 1201 625 γὰρ
1246 539 1359 611 καὶ
1406 537 1773 609 κατάλυσιν
1817 544 2071 611 ἔδωκεν
2122 535 2196 607 ἐν

182 646 294 728 τῇ
331 647 511 741 οίκίᾳ
547 646 631 728 τῇ
670 639 799 728 πρὸ
840 646 956 729 τῆς
985 636 1356 728 ἡγεμονίας
1372 636 1562 731 αὐτῷ
1590 643 1953 730 γενομένῃ,
1996 649 2195 710 πολι-

210 749 356 833 τεία
381 770 453 812 τε
472 740 809 831 Ρωμαίων
837 745 1105 830 ἐτίμησε
1140 745 1254 811 καὶ
1293 742 1613 824 σύνταξιν
1639 743 1995 832 χρημάτων
2024 744 2195 812 ἔδω-
2280 743 2283 747 ’

148 868 181 909 5
209 872 379 939 κεν,
391 847 504 914 καὶ
531 853 742 933 τιμῶν
770 848 1048 915 διετέλει
1075 848 1282 934 μέχρι
1294 853 1408 934 τῆς
1424 849 1511 914 ἐκ
1536 852 1660 915 τοῦ
1686 853 1843 933 βίου
1866 847 2196 934 μεταστά-

112 1388 168 1427 10

56 1898 165 1941 '15

200 971 412 1035 σεως,
461 945 668 1018 οὐδὲν
733 956 849 1037 τῆς
906 946 1074 1037 πρὸς
1130 949 1254 1036 ἐμὲ
1296 940 1735 1036 χρηστότητος
1777 944 2088 1037 νφελεόν·
2154 976 2193 1017 ο

206 1079 318 1138 μοι
367 1048 481 1119 δι’ὂι
520 1052 644 1121 τὸν
689 1051 961 1138 φθόνον
993 1049 1250 1140 ἤνεγκε
1267 1057 1644 1121 κίνδυνον.
1706 1049 2023 1133 Ἰουδαῖος
2063 1052 2194 1139 γάρ
2281 1104 2294 1117 ,
2349 1050 2354 1057 ’

2161 945 2196 968 ΡΙ

205 1182 335 1240 τις,
371 1151 690 1242 Ἰωνάθης
730 1151 1063 1242 τούνομα,
1118 1154 1354 1223 στάσιν
1405 1157 1737 1243 ἐξεγείρας
1789 1157 1895 1224 ἐν
1910 1154 2198 1243 Κυρήνῃ

205 1258 320 1324 καὶ
361 1262 725 1358 δισχιλίους
776 1284 911 1326 των
967 1261 1309 1345 ἐγχωρίων
1359 1264 1859 1336 συναναπείσας
1914 1261 2198 1336 ἐκείνοις

205 1358 332 1446 μὲν
370 1368 576 1482 αἴτιος
628 1355 960 1440 ἆπώλειας
1005 1361 1312 1447 ἐγένετο,
1371 1356 1573 1443 αὐτὸς
1618 1360 1692 1429 δε
1738 1355 1870 1428 ὑπὸ
1913 1367 2044 1428 τοῦ
2080 1366 2197 1446 τῆς

182 1459 423 1549 χώρας
449 1457 977 1550 ἡγεμονεύοντος
1015 1464 1243 1543 δεθεὶς
1274 1464 1387 1532 καὶ
1429 1463 1534 1532 ἐπὶ
1573 1460 1696 1531 τὸν
1740 1459 2204 1569 αντοκράτοροί

192 1560 546 1652 ’πεμφθεὶς
602 1572 895 1653 ἔφασκεν
948 1565 1063 1652 ἐμὲ
1131 1562 1316 1658 αύτφ
1371 1561 1558 1635 ὅπλα
1605 1568 2032 1659 πεπομφέναι
2084 1554 2204 1639 καί

204 1666 524 1755 χρήματα.
612 1664 694 1738 ού
749 1666 895 1767 μὴν
931 1665 1430 1738 ’ὃεσπασιανὰν
1452 1667 1869 1757 ψευδόμενος
1923 1674 2202 1754 ἔλαθεν,

205 1766 375 1838 ἀλλὰ
415 1773 719 1858 κατέγνω
750 1770 1052 1840 θάνατον
1093 1769 1341 1856 αὐτοῦ,
1392 1773 1506 1839 και
1558 1773 1973 1867 παραδοθεὶς
2028 1767 2196 1840 ἀπέ-

205 1883 443 1943 θανεν.
524 1872 840 1955 πολλάκις
880 1873 955 1943 δὲ
999 1876 1112 1943 καὶ
1156 1902 1319 1962 μετα
1364 1881 1570 1954 ταῦτα
1613 1902 1762 1943 των
1783 1873 2192 1963 βασκαινόνέ-

100 1981 105 1996 ⁴
205 2005 343 2046 των
381 1972 496 2065 μοι
533 1984 648 2065 τῆς
689 1973 999 2075 εὐτυχίας
1031 1985 1433 2064 κατηγορίας
1478 1973 1582 2045 ἐπ’
1626 1976 1739 2064 ἐμε
1773 1979 2191 2100 συνθέντων,

110 2420 171 2459 20

206 2086 380 2148 θεοῦ
421 2087 709 2170 προνοία
748 2079 962 2159 πάσας
1004 2081 1350 2168 διέφυγον
1442 2085 1686 2178 ἔλαβον
1731 2079 1805 2147 δὲ
1843 2105 2046 2162 παρα
2060 2071 2220 2149 'Be-²

206 2189 585 2251 σπασιανοῦ
641 2182 906 2306 δωρεαν
954 2187 1084 2271 γῆν
1137 2179 1264 2251 οὐκ
1319 2177 1572 2274 ὀλίγην
1622 2185 1697 2251 ἐν
1748 2188 1830 2271 τῇ
1879 2178 2192 2250 Ἰουδαία.

207 2280 369 2353 καθ’
416 2280 498 2354 ὃν
539 2284 641 2373 δὴ
635 2284 889 2375 καιρὸν
928 2288 1044 2380 καᾷ
1083 2284 1206 2373 τὴν
1246 2268 1568 2408 fistuca,
1616 2282 1705 2384 μὴ
1749 2280 2197 2372 ἀρεσκόμενος

207 2384 414 2474 αύτης
441 2403 579 2467 τοῖς
604 2385 868 2475 η’θεσιν,
894 2371 1305 2476 ἄπετίεμ
1231 2416 1439 2475 αμην,
1471 2415 1677 2475 τριων
1704 2392 1969 2457 παίδων
1996 2413 2193 2475 γενο-

204 2491 416 2578 μένην
454 2493 742 2579 μητέρα,
785 2519 883 2560 ων
925 2496 995 2561 οἱ
1029 2519 1154 2580 μεν
1190 2491 1316 2559 δύο
1344 2491 1812 2577 ἐτελεύτησαν,
1860 2483 1954 2571 εἷς
1999 2486 2074 2559 δε
2112 2485 2194 2586 ον

196 2589 524 2679 Ὑρκανὸν
550 2612 1065 2682 προσηγορευσα
1083 2601 1441 2681 περίεστιν.
1512 2591 1677 2680 μετὰ
1703 2599 1912 2662 ταῦτα
1938 2590 2189 2680 ἠγαγό-

204 2723 339 2784 μην
366 2711 654 2783 γυναῖκα
681 2711 1151 2788 κατωκηκνιαν
1195 2724 1321 2783 μεν
1349 2698 1422 2764 ἐν
1449 2695 1713 2784 Κρήτῃ,
1760 2693 1832 2763 τὸ
1878 2695 1966 2763 δε
1998 2697 2191 2784 γένος

199 2797 564 2885 Ἰουδαίαν,
624 2802 882 2886 γονέων
937 2796 1432 2887 εὐγενεστάτων
1500 2799 1613 2868 καὶ
1664 2803 1799 2894 τῶν
1851 2817 2214 2886 κατα·την’

147 2927 171 2964 5
205 2900 430 2988 χώραν
459 2900 1038 2990 ἐπιφανεστάτων,
1077 2898 1236 2990 ’ἤθει
1277 2908 1547 2970 πολλῶν
1572 2906 1917 2990 γυναικῶν
1947 2900 2187 2986 διαφέ-

207 3025 494 3091 ρουσαν,
551 3000 639 3083 ὡς
692 3001 730 3073 6
772 3003 936 3092 μετὰ
974 3013 1181 3074 ταῦτα
1220 3011 1366 3091 βίος
1414 3000 1621 3092 αὐτῆς
1660 3000 2025 3083 ἀπέδειξεν.
2063 3061 2074 3080 x
2111 3004 2186 3070 ἐκ

204 3106 449 3194 ταύτης
489 3106 573 3195 δή
611 3135 725 3194 μοι
766 3115 1072 3195 γίνονται
1115 3112 1349 3187 παῖδες
1377 3107 1541 3193 δύο,
1585 3104 2036 3194 πρεσβύτερος
2060 3104 2185 3196 μὲν
2219 3194 2231 3202 Ι

142 3274 145 3278 ,
198 3209 513 3297 Ἰοῦστος,
553 3215 941 3299 Σιμωνίδης
981 3210 1057 3279 δὲ
1082 3207 1230 3297 μετ’
1266 3213 1559 3295 ἐκεῖνον,
1609 3206 1644 3277 6
1688 3211 1801 3278 καὶ
1821 3206 2186 3297 Ἀγρίππας
2263 3289 2280 3295 ,

94 3311 103 3334 ’
205 3318 611 3402 ἐπικληθείς.
680 3320 886 3383 ταῦτα
924 3316 1152 3401 μέντοι
1181 3311 1261 3381 τὰ
1292 3310 1460 3381 κατὰ
1488 3310 1606 3381 τόν
1634 3311 1854 3399 οἷκον,
1897 3311 2187 3397 διέμεινε

56 3440 170 3496 13⁰

207 3418 285 3484 δέ
306 3443 419 3502 μοι
447 3412 656 3505 ὅμοια
673 3418 787 3485 καὶ
814 3415 894 3486 τὰ
921 3441 1103 3503 παρα
1141 3437 1290 3483 των
1308 3407 1843 3498 αυτοκρατόρων.
1917 3409 2187 3479 ’δεσποι-

204 3523 443 3586 σιανοῦ
484 3518 612 3607 γὰρ
652 3519 1169 3620 τελευτήσαντος
1218 3522 1406 3590 Τίτος
1454 3510 1576 3595 τὴν
1616 3508 1825 3596 ἀρχὴν
1880 3498 2188 3576 deceased-⁹

204 3646 435 3709 μδνῡς,
491 3617 730 3709 ὁμοίαν
783 3651 873 3716 τω
938 3619 1139 3707 πατρὶ
1191 3641 1315 3706 την
1374 3609 1598 3701 τιμήν
1640 3631 1768 3693 μοι
1807 3596 2185 3688 διεφύλαξε,

313 3752 720 3802 IOSEPH.1v.
1700 3713 1705 3720 ’
1808 3716 1887 3774 23
