2500 3882
197 96 278 158 22
874 98 1528 158 ΑΡΧΑΙΟΛΟΓΙΑΣ

144 306 152 319 ¹
198 270 369 361 ἅπερ
398 233 702 361 ηὐξάμην
742 267 875 356 ἐγω’
907 295 981 337 τε
1024 270 1138 338 καὶ
1183 273 1256 338 οἱ
1293 276 1511 357 φίλοι·
1572 270 1683 365 καὶ
1726 266 2051 361 ἀργύριον
2084 272 2197 340 καὶ

199 380 479 467 χρυσίον
513 370 674 443 ὅσον
712 401 798 442 αν
834 367 1088 462 εὑρεθῇ
1129 378 1237 442 ἐν
1226 377 1325 462 τῇ
1350 371 1535 465 χιόρα
1567 378 1706 441 τῶν
1732 380 2197 462 Βαβυλωνίων

203 475 681 566 ὠνομασμένον
707 503 797 569 τω
824 480 1002 570 θεῷ,
1029 481 1227 545 τοῦτο
1257 479 1391 545 πᾶν
1432 481 1527 556 εἰς
1556 471 1977 566 Ἱεροσόλυμα
2004 503 2193 566 κομι-

200 586 453 670 σθῆναι
480 585 574 674 τῷ
608 584 752 673 θεῷ
781 585 876 660 εἰς
904 576 1315 659 ταςθυσίας.
1382 575 1600 652 πάντα
1634 606 1708 648 τε
1740 575 1861 648 ὅσα
1887 579 2102 669 βούλῃ
2130 582 2198 662 ἐξ

154 747 171 752 -
199 682 499 775 ἀργύρου
526 684 638 751 καὶ
679 686 935 772 χρυσοῦ
967 680 1489 769 κατασκευάσαι,
1544 681 1765 751 ποιεῖν
1805 684 2042 770 ἐξέστω
2087 704 2194 752 σοι
2232 712 2263 750 5

199 786 365 878 μετὰ
408 782 922 873 των-ἀδελφῶν.
995 786 1125 854 καὶ·
1158 783 1240 854 τὰ
1282 786 1611 875 δεδομένα
1649 807 1754 854 σοι
1801 783 1947 877 ἱεροὶ
1990 784 2199 875 σκεύη
2325 843 2330 850 .

159 877 601 979 ’άναθήσεις,
657 890 770 957 καὶ
823 884 1004 958 ὅσων
1055 883 1141 959 ἂν
1195 891 1503 959 ἐπίνοιαν
1542 888 1781 978 λάβῃς,
1828 890 1941 957 καὶ
1989 895 2201 959 ταῦτα

200 990 694 1084 προσεξεργάσῃ
712 1043 731 1078 ,
766 989 892 1082 τὴν
925 997 1018 1071 εἰς
1045 988 1215 1061 αὐτὰ
1254 992 1564 1081 δαπάνην
1592 994 1666 1061 ἐκ
1696 996 1819 1061 τοῦ
1844 997 2200 1079 βασιλικοῦ
2319 1031 2336 1044 ⁵

145 1149 148 1154 -
201 1095 603 1185 ποιούμενος
643 1101 1158 1183 γαζοφυλακίου.
1208 1101 1496 1187 ἔγραψα
1550 1094 1625 1165 δὲ
1664 1096 1777 1164 καὶ
1826 1110 1963 1175 τοῖς
2004 1104 2193 1221 γαΗζο

178 1198 449 1288 φύλαξι
500 1205 616 1288 τῆς
665 1205 923 1296 Συρίας
977 1191 1089 1266 καὶ
1141 1202 1258 1287 τῆς
1289 1205 1659 1324 Φοινίκης,
1712 1202 1827 1267 ἵνα
1874 1226 2012 1271 των
2063 1195 2197 1269 ὑπὸ
2230 1203 2293 1263 ιο

180 1300 435 1393 ’Έσδρα
474 1307 609 1372 τοῦ
634 1304 862 1388 ἱερέως
902 1304 1016 1370 καὶ
1063 1297 1499 1388 άναγνωστου
1542 1300 1681 1371 των
1714 1305 1835 1370 τοῦ
1868 1307 2041 1371 θεοῦ
2081 1300 2196 1372 νό-

199 1434 347 1495 μων
394 1408 883 1486 ἐπισταλέντων
927 1406 1450 1530 ἐπιμεληθῷσιν.
1521 1431 1700 1496 οπως
1752 1403 1824 1473 δὲ
1867 1409 2203 1494 μηδεμίαν

201 1506 412 1599 ὀργὴν
456 1505 563 1577 ἐπ’
616 1507 727 1596 ἐμὲ
767 1506 940 1595 λάβῃ
991 1505 1067 1576 τὸ
1105 1500 1304 1578 θετον
1353 1503 1395 1597 ἢ
1433 1535 1591 1588 τους
1626 1504 1823 1596 ἐμοῦς
1859 1508 2203 1595 ἐκγόνους,

203 1611 421 1680 πάντα
449 1608 609 1693 ἆξιω
659 1613 773 1679 καὶ
817 1611 1007 1699 μέχρι
1051 1616 1172 1679 τοῦ
1202 1615 1424 1701 πυροῦ
1449 1610 1672 1701 κόρων
1713 1608 1948 1680 ἑκατὸν
1980 1615 2197 1681 ἐπιτε-

198 1724 468 1783 λεϊσθαι
511 1718 604 1806 τῷ
648 1718 792 1805 θεω
841 1738 1010 1781 κατα
1063 1711 1182 1783 τὸν
1235 1713 1462 1802 νόμον.
1520 1714 1632 1783 καὶ
1685 1707 1849 1802 ὑμῖν
1896 1713 1969 1784 δὲ
2026 1689 2200 1801 λεγω
2245 1735 2300 1776 ¹5
2387 1791 2392 1794 ,

201 1814 380 1896 ὅπως
406 1830 545 1896 τοῖς
566 1821 818 1906 ἱερεῦσι
846 1815 959 1883 καὶ
986 1822 1301 1896 Λευίταις
1328 1820 1440 1911 καὶ
1473 1815 1895 1906 ἱεροψάλταις
1924 1819 2036 1887 καὶ
2061 1828 2199 1887 θυ-

201 1934 442 2011 ρωροῑς
467 1921 580 1989 καὶ
609 1917 1017 2011 ἱεροδούλοις
1044 1921 1156 1990 καὶ
1186 1925 1641 2021 γραμματεῦσι
1667 1925 1788 1989 τοῦ
1822 1924 2011 2011 ἱεροῦ
2037 1919 2203 2011 μήτε

202 2022 457 2113 φόρους
494 2022 837 2119 ἐπιτάξητε
878 2021 1042 2111 μήτε
1077 2019 1239 2093 άλλο
1286 2018 1499 2113 μηδὲν
1546 2008 1984 2110 ἐπίβουλον’“
1942 2053 2003 2119 η
2023 2052 2200 2149 φορ-

200 2125 392 2195 τικόν
422 2131 516 2205 εἰς
543 2153 788 2206 αυτους
814 2127 1106 2213 γένηται.
1170 2128 1283 2196 καὶ
1314 2123 1400 2195 συ
1428 2129 1537 2212 δέ,
1560 2123 1852 2216 ”,Εσδρα
1881 2154 2048 2196 κατα
2075 2154 2206 2215 την

199 2234 321 2299 τοῦ
349 2233 520 2299 θεοῦ
557 2237 805 2319 σοφίαν
833 2226 1187 2311 ἀπόδειξον
1215 2228 1477 2318 κριτάς,
1506 2255 1685 2307 οπως
1703 2225 2087 2307 νδικάσωσιν
2125 2232 2202 2299 ἐν
2237 2257 2305 2299 20

200 2338 427 2423 Συρίᾳ
468 2333 581 2400 καὶ
617 2338 901 2418 Φοινίκῃ
945 2330 1158 2420 πάσῃ,
1208 2329 1363 2412 τοῦς
1399 2334 1875 2419 ἐπισταμένους
1918 2351 2042 2403 σου
2081 2330 2202 2402 τὸν

201 2433 443 2523 νόμον,
477 2434 589 2501 καὶ
628 2449 764 2512 τοῖς
817 2429 1137 2519 ἀγνοοῦσι
1182 2437 1485 2524 παρέξεις
1529 2430 1736 2503 αὐτὸν
1779 2431 2197 2523 μαθεῖν,’ἵν’

206 2535 292 2606 άν
325 2562 425 2615 τις
452 2540 590 2605 τῶν
617 2530 971 2623 ὁμοεθνων
1010 2556 1134 2606 σου
1162 2544 1546 2626 παραβαίνῃ
1576 2534 1694 2606 τὸν
1719 2541 1840 2607 τοῦ
1873 2537 2046 2607 θεοῦ
2082 2537 2200 2608 νό-

202 2665 333 2728 μον
384 2666 426 2726 η
477 2635 596 2707 τὸν
651 2635 1049 2725 βασιλικόν,
1086 2633 1345 2737 υπόσχῃ
1397 2646 1726 2730 τιμωρίαν
1775 2668 1864 2719 ως
1916 2637 1998 2710 οὐ
2050 2636 2199 2713 κατ’

203 2740 487 2829 ἄγνοιαν
519 2735 724 2810 αὐτὸν
754 2747 1230 2829 παραβαίνων,
1277 2739 1425 2812 ἀλλ’
1467 2770 1554 2823 ως
1594 2742 2022 2831 ἐπιστάμενος
2051 2748 2312 2833 μέν,95

207 2848 553 2934 τολμηρως
604 2842 679 2912 δὲ
722 2842 1129 2930 παρακούων
1167 2846 1281 2913 καὶ
1321 2850 1786 2935 καταφρονῶν.
1859 2846 2199 2937 κολασθή-

206 2968 437 3017 σονται
479 2940 623 3017 δὲ”
580 2975 622 3034 η
653 2945 931 3039 θανάτςο
963 2941 1004 3035 ἢ
1034 2953 1227 3039 ζημίᾳ
1254 2953 1647 3038 χρηματικῇ.
1712 2946 2020 3037 ἔρρωσο.”
2075 3026 2080 3032 ,

143 3074 178 3126 2
362 3045 591 3137 λαβών
638 3048 711 3119 δὲ
758 3045 1043 3138 ’Ἐσδρας
1091 3049 1344 3140 ταύτην
1398 3049 1521 3140 τὴν
1584 3048 1938 3140 ἐπιστολὴν
1990 3047 2209 3141 ὑπερ-

206 3150 388 3242 ήσθη
416 3153 533 3223 ’καὶ
559 3158 651 3245 τῷ
680 3158 824 3247 θεω
851 3152 1261 3240 προσκυνεῖν
1287 3149 1561 3243 ἤρξατο,
1589 3158 1705 3243 τῆς
1731 3160 1852 3224 τοῦ
1879 3157 2211 3247 βασιλέως

207 3251 373 3344 πρὸς
398 3252 605 3325 αὐτὸν
636 3254 1069 3359 χρηστότητος
1097 3259 1360 3326 ἐκεῖνον
1388 3267 1604 3327 αἴτιον
1631 3252 1979 3346 ὁμολογων
2006 3285 2202 3345 γεγε·
2247 3279 2317 3323 :zo

208 3362 492 3446 νῆσθαι,
532 3357 647 3426 καὶ
693 3355 805 3426 δια
839 3363 1036 3427 τοῦτο
1079 3385 1204 3447 την
1253 3363 1472 3433 πᾶσαν
1511 3356 1695 3454 αὗτω
1730 3359 1927 3451 χάριν
1955 3366 2204 3449 ἔλεγεν

210 3461 483 3532 εἰδέναι.
549 3457 883 3546 ἆναγνους
912 3458 977 3531 δ’
1023 3465 1099 3532 ἐν
1125 3466 1483 3550 Βαβυλωνι
1516 3459 1641 3551 τὴν
1669 3461 2026 3553 ἐπιστολὴν
2060 3480 2203 3547 τοῖς
