2500 3882
228 143 343 207 168
681 116 690 123 “
872 145 1522 207 ΑΡΧΑΙΟΛΟΓΙΑΣ
1596 173 1623 207 1

224 313 585 405 διαφυγων
627 313 747 399 τὸν
788 318 880 400 ἐξ
878 312 1120 386 αὐτῶν
1148 321 1476 386 κίνδυνον
1514 321 1629 398 εἰς
1640 312 1766 405 τὴν
1794 314 1993 386 πόλιν
2017 310 2247 404 ἠπεί-’

227 442 415 510 γετο,
459 420 744 508 θαρρῶν
792 427 883 513 τῷ
925 419 1171 506 πλήθει
1209 417 1322 489 διὰ
1369 419 1482 501 τὰς
1511 425 1630 488 τοῦ
1660 413 1906 509 πατρὸς
1936 414 2222 506 εὐεργε-

229 530 377 603 σίας
414 524 526 593 καὶ
568 520 682 591 διὰ
724 521 798 592 τὸ
841 528 1266 609 Πτολεμαίου
1295 537 1430 603 τοῖς
1459 519 1677 610 οχλοις
1710 537 1917 610 μῖσος.
1977 541 2221 591 σπου-

230 626 523 695 δάσαντα
552 625 627 694 δὲ
656 627 767 695 καὶ
793 633 1214 714 Πτολεμαῖον
1250 631 1584 695 εἰσελθεῖν
1628 621 1722 693 δι’
1769 621 1971 712 ἄλλης
1999 624 2224 712 πύλης

230 724 265 797 5
295 734 501 817 δῆμος
528 725 902 821 ἀπεώσατο,
940 727 1062 797 τὸν
1092 725 1418 818 Τρκανὸν
1456 726 1585 818 ἤδη
1621 728 2219 815 προσδεδεγμένος.
2259 761 2288 799 5

164 833 203 895 8
235 852 239 861 ’
369 826 545 900 καὶ
523 858 560 899 ο
601 830 725 917 μὲν
763 838 859 910 εἰς
888 833 964 900 ἔν
992 858 1053 900 τι
1083 838 1219 899 τῶν
1246 827 1453 918 ὑπὲρ“
1445 830 1839 920 Ιεριχοῦντα
1868 829 2226 955 ἐρυμάτων

232 926 650 1021 ἀνεχώρησε,
679 932 932 1022 Δαγών
962 936 1360 1022 λεγόμενον·
1421 931 1782 1021 ἀπολαβὼν
1822 934 1897 1004 δὲ
1933 931 2056 1021 τὴν
2083 930 2225 1001 51:02-

232 1061 422 1125 τριον
479 1031 986 1124 ἀρχιερωσύνην
1027 1032 1379 1135 Ὑρκανός,
1434 1039 1548 1107 καὶ
1599 1034 1717 1105 τὸν
1767 1034 1937 1106 θεὸν
1989 1040 2229 1124 πρῶτα

233 1144 507 1218 θυσίαις
525 1139 1140 1233 παραιτησάμενος,
1183 1142 1292 1208 ἐπὶ
1320 1137 1440 1209 τόν
1467 1146 1884 1227 Πτολεμαῖον
1913 1136 2229 1225 ἐξεστρά-

231 1261 448 1327 τευσε,
477 1242 590 1311 καὶ
616 1232 1018 1331 π’ροσβαλών
1039 1250 1135 1334 τῷ
1163 1250 1391 1335 χωρίῳ
1419 1258 1554 1322 τοῖς
1580 1241 1704 1331 μὲν
1724 1238 1949 1323 άλλοις
1977 1245 2229 1331 περιῆν
2269 1279 2327 1319 10

234 1378 575 1535 ἀδελφόυς
614 1457 835 1540 οἴκτῳ.
919 1449 1200 1531 τούτους
1240 1477 1368 1538 γαρ
1421 1445 1456 1517 5
1496 1457 1909 1536 Πτολεμαῖος
1948 1443 2230 1535 ἀνάγων
2282 1512 2289 1521 ,

237 1552 345 1618 ἐπὶ
385 1547 458 1617 τὸ
500 1564 711 1636 τεῖχος
757 1554 821 1632 ἐξ
865 1548 1170 1620 ἀπόπτου
1195 1548 1489 1641 ᾐκίζετο,
1517 1552 1632 1620 καὶ
1650 1556 2231 1675 κατακρημνίσειν

237 1678 363 1727 ουκ
412 1648 869 1738 ἀφισταμένου
916 1660 1036 1750 τῆς
1079 1661 1465 1741 πολιορκίας
1506 1652 1785 1742 ηπείλει.
1861 1649 1899 1722 ὃ
1941 1649 2004 1722 δ’
2061 1672 2231 1721 οσον

240 1749 323 1821 αν
364 1755 589 1841 ἐνδοίη
627 1781 745 1840 της
790 1746 944 1843 περὶ
990 1753 1113 1843 τὴν
1154 1760 1416 1845 αιρεσιν
1453 1762 1576 1825 τοῦ
1617 1762 1869 1845 χωρίου
1904 1759 2231 1842 σπουδῆς,
2271 1781 2332 1821 15

241 1863 519 1925 τοσοῦτο
558 1863 945 1944 χαρίζεσθαι
988 1872 1124 1938 τοῖς
1166 1858 1502 1948 φιλτάτοις
1541 1855 1943 1949 ηγούμενος
1956 1855 2123 1947 πρὸς
2149 1854 2233 1925 τὸ

242 1957 338 2048 μὴ
361 1965 582 2040 κακῶς
610 1957 908 2049 πάσχειν,
939 1964 1162 2043 ἐξέλυε
1189 1959 1263 2032 τό
1295 1962 1672 2052 πρόθυμον.
1753 1959 1794 2051 ἡ
1836 1965 2061 2050 μέντοι
2098 1960 2238 2050 μή·-

243 2091 365 2151 τηρ
410 2058 739 2152 ὀρέγουσα
778 2063 894 2145 τὰς
941 2080 1163 2154 χεῖρας
1204 2067 1458 2135 ἱκέτευε
1492 2063 1581 2153 μὴ
1622 2072 2102 2153 μαλακίζεσθαι
2129 2060 2233 2134 δι’

245 2161 488 2253 αὐτήν,
536 2163 705 2236 ἀλλά
742 2166 915 2237 πολυ
957 2171 1162 2237 πλέον
1205 2166 1374 2258 ὀργῇ
1423 2168 1768 2295 χριόμενον
1810 2169 1987 2244 ἑλεῖν
2013 2188 2241 2237 σπου-

242 2268 442 2344 δάσαι
470 2267 543 2338 τό
573 2278 852 2358 χωρίον,
894 2269 1151 2340 καὶτὸν
1191 2268 1497 2360 ἐχθρὸν
1460 2268 1581 2359 υφ’
1618 2273 1832 2362 ἑαυτῷ
1860 2269 2239 2361 ποιήσαντα
2277 2304 2345 2346 2⁰

246 2378 613 2458 τιμωρῆσαι
655 2388 792 2453 τοῖς
832 2372 1205 2459 φιλτάτοις·
1273 2370 1453 2460 ἡδὺν
1504 2373 1631 2462 γὰρ
1686 2371 1861 2463 αὐτῇ
1910 2372 2029 2442 τὸν
2080 2369 2232 2460 μετ’

246 2476 465 2551 αἰκίας
495 2471 667 2541 εἶναι
695 2474 1027 2561 θάνατον,
1073 2482 1136 2544 εἰ
1173 2480 1372 2564 δίκην
1402 2471 1682 2563 ὑπόσχοι
1722 2482 1958 2563 τῆς“εἰς
1983 2471 2241 2557 αὐτοὺς

247 2580 664 2663 παρανομίας
702 2572 738 2645 5
783 2583 993 2646 ταῦτα
1047 2582 1262 2647 ποιῶν
1316 2578 1659 2667 πολέμιοςι
1726 2577 1847 2647 τὸν
1885 2575 1952 2647 δ’
1992 2574 2241 2665 ’Υρκα-

246 2675 371 2746 νὸν
401 2684 608 2748 ταῦτα
635 2679 759 2767 μὲν
787 2680 1114 2768 λεγούσης
1140 2687 1256 2769 τῆς
1282 2680 1528 2772 μητρὸς
1558 2678 1731 2770 ὁρμή
1771 2707 1868 2762 τις
1900 2679 2240 2770 ἐλάμβανε

250 2779 430 2869 πρὸς
455 2779 579 2869 τὴν
621 2787 882 2872 αἵρεσιν
920 2790 1040 2852 τοῦ
1071 2791 1442 2874 φρουρίου,
1503 2781 1702 2872 ἡνίκα
1741 2785 1816 2854 δὲ
1855 2780 2071 2873 αὐτὴν
2108 2812 2240 2853 τυ-
2280 2808 2346 2851 25

225 2886 585 2973 ιπτομένην
629 2892 763 2955 ἴδοι
803 2887 930 2955 καὶ·
957 2887 1541 2976 σπαραττομένην,
1598 2886 1913 2970 έξελύετό
1951 2887 2067 2957 καὶ
2118 2893 2247 2976 τῆς

252 2990 358 3055 ἐπὶ
397 3003 538 3068 τοῖς
580 2995 673 3068 εἰς
711 2986 837 3077 τὴν
877 2992 1127 3078 μητέρα
1156 2992 1633 3077 πραττομένοις
1660 2996 2084 3078 συμπαθείας
2115 2986 2250 3080 ἦτ-

254 3116 388 3156 των
418 3092 698 3179 ἐγένετο.
769 3093 1125 3179 ἑλκομένης
1172 3092 1247 3162 δὲ
1289 3120 1500 3173 ουτως
1542 3098 1639 3173 εἰς
1677 3093 1923 3218 χρόνον
1963 3099 2082 3182 τῆς
2109 3120 2253 3163 πο-

256 3198 553 3276 λιορκίας
607 3197 939 3274 ἐνίσταται
994 3194 1068 3263 τὸ
1123 3200 1268 3275 ἔτος
1322 3197 1537 3265 έκεῖνο
1578 3192 1740 3266 καθ’
1800 3189 1839 3265 ὃ
1882 3202 2257 3296 συμβαίνει

255 3303 391 3367 τοῖς
426 3288 768 3377 Ἰουδαίοις
786 3293 1080 3418 ἀργεῖν·
1153 3295 1321 3368 κατὰ
1369 3297 1445 3367 δὲ
1496 3296 1660 3367 ἑπτὰ
1707 3306 1817 3387 ἔτη
1862 3305 2060 3369 τοῦτο
2104 3326 2257 3370 πα-
2292 3334 2359 3377 ³0

260 3397 697 3479 ρατηροῦσιν,
756 3394 845 3479 ὥς
904 3404 976 3468 ἐν
1035 3414 1177 3480 ταῖς
1222 3399 1297 3469 ἐν
1336 3400 1699 3490 ἑβδομάσιν
1745 3396 2039 3491 ἡμέραις.
2123 3406 2258 3475 καὶ

256 3499 666 3594 Πτολεμαῖος
708 3492 1129 3592 ὑπὸ-ταύτης,
1188 3499 1460 3585 ἀνεθεὶς
1515 3510 1629 3591 τῆς
1683 3508 1894 3586 αἰτίας
1943 3511 2066 3575 τοῦ
2112 3530 2255 3576 πο-
