2500 3882
302 158 420 221 116
788 173 791 178 >
929 117 939 127 ’
978 153 1629 215 ΑΡΧΑΙΟΛΟΓΙΑΣ
1669 141 1678 148 ’

303 330 414 401 ἐπὶ
463 332 544 418 τῇ
572 330 931 418 διαμαρτίᾳ
959 354 1167 423 ταυτη
1201 328 1785 418 προσαγγέλλουσί
1816 349 1993 405 τινες
2024 326 2139 394 καὶ
2165 322 2294 413 τὴν

305 438 443 502 τῶν
471 436 862 521 στρατηγῶν
879 422 1085 519 ἧτταν
1114 458 1234 511 ους
1244 430 1754 517 πολεμήσοντας
1785 444 1922 510 τοῖς
1940 424 2294 508 Ἰουδαίοις
2491 431 2500 486 Ι

307 537 796 621 κατελελοίπει,
851 534 959 604 καὶ
1015 530 1139 621 τήν
1180 530 1376 621 ἰσχὺν
1418 529 1550 621 ήδη
1596 530 1720 621 τὴν
1755 540 1890 602 τῶν
1921 528 2290 602 Ἰουδαίων.

305 639 841 726 προσγενομένης
884 627 1011 706 οὖν
1037 637 1151 706 καὶ
1189 642 1307 724 τῆς
1350 637 1505 725 περὶ
1532 637 1789 706 τούτων
1818 639 2182 724 φροντίδος
2209 640 2292 724 τῇ

305 743 627 832 προτέρα,
669 740 1035 827 συγχυθεὶς
1060 735 1195 809 ὑπὸ
1216 736 1514 827 ἀθυμίας
1548 745 1642 820 εἰς
1668 739 1874 808 νόσον
1899 741 2288 825 κατέπεσεν,
2317 758 2346 797 5
2495 765 2500 874 1

303 834 385 931 ἧς
413 843 877 932 μηκυνομένης
916 843 1030 912 καὶ
1071 838 1548 931 αὐξανομένων
1576 849 1713 910 τῶν
1742 847 2019 930 παθων,
2061 841 2291 921 συνεὶς

304 975 409 1016 οτι
434 948 658 1034 μέλλει
683 952 1006 1016 τελευτᾶν
1037 953 1365 1034 συγκαλεῖ
1403 971 1561 1026 τους
1590 951 1868 1033 φίλους,
1909 946 2022 1014 καὶ
2069 944 2191 1033 τήν
2218 969 2292 1012 τε

282 1047 510 1118 νόσον
538 1045 771 1127 αὐτοῖς
806 1045 1104 1136 χαλεπὴν
1134 1050 1348 1118 οὖσαν
1391 1047 1672 1137 έμήνυε,
1726 1049 1839 1118 καὶ
1891 1055 2129 1134 τοῦτο,
2185 1074 2290 1116 οτι

302 1156 512 1221 ταῦτα
546 1147 783 1239 πάσχει
808 1149 1114 1232 κακώσας
1140 1149 1213 1220 τὸ
1245 1147 1589 1224 Ἰουδαίων
1613 1158 1852 1238 ἔθνος,
1879 1150 2289 1241 παρεδήλου,

304 1253 600 1342 συλήσας
637 1280 709 1324 τε
736 1251 857 1323 τὸν
882 1252 1050 1324 ναὸν
1077 1256 1190 1323 καὶ
1219 1260 1341 1324 τοῦ
1369 1262 1539 1324 θεοῦ
1566 1254 2093 1344 καταφρονήσας.
2176 1252 2291 1321 καὶ
2333 1270 2381 1311 ¹⁰

305 1363 516 1428 ταῦτα
573 1358 792 1445 λέγων
845 1358 1272 1440 ἐξέπνευσεν·
1329 1352 1500 1428 ὥστε
1535 1358 1906 1446 θαυμάζειν
1943 1355 2294 1445 Πολύβιον

305 1458 426 1530 τὸν
469 1467 1068 1549 Μεγαλοπολίτην,
1123 1456 1197 1541 ὃς
1243 1456 1502 1549 ἀγαθὸς
1545 1456 1643 1530 ὢν
1697 1458 1869 1549 ἀνὴρ
1913 1458 2295 1530 ἀποθανεῖν

307 1565 488 1650 λέγει
515 1560 635 1631 τὸν
655 1559 997 1650 ’Λντίοχον
1022 1565 1449 1652 βουληθέντα
1479 1562 1550 1633 τὸ
1582 1570 1699 1653 τῆς
1725 1566 1798 1633 έν
1824 1566 2117 1651 Πέρσαις
2135 1558 2293 1651 Ἀρ·-

304 1667 568 1753 τέμιδος
598 1662 783 1752 ἱερὸν
808 1672 1113 1754 συλῆσαι.
1170 1664 1245 1735 τὸ
1275 1664 1403 1756 γὰρ
1426 1669 1662 1755 μηκέτι
1689 1673 1960 1755 ποιῆσαι
1986 1663 2061 1735 τὸ
2090 1672 2295 1754 ἔργον

308 1767 857 1857 βουλευσάμενον
909 1764 1037 1837 οὐκ
1094 1775 1234 1839 ἔστι
1284 1775 1603 1857 τιμωρίας
1633 1765 1858 1859 ἄξιον.
1940 1776 2003 1838 εἰ
2053 1768 2129 1838 δὲ
2175 1764 2293 1837 διὰ
2331 1794 2381 1835 15

309 1876 508 1938 τοῦτο
539 1875 861 1963 Πολυβίῳ
903 1875 1095 1941 δοκεῖ
1128 1874 1578 1962 καταστρέψαι
1607 1870 1733 1951 τὸν
1777 1878 1932 1964 βίον
1952 1870 2296 1961 Ἀντίοχον

310 1968 525 2060 οὕτω,
580 1971 755 2044 πολὺ
799 1975 1272 2065 πιθανώτερον
1318 1975 1430 2045 διὰ
1467 1975 1602 2065 τὴν·
1633 1981 2020 2064 ἱεροσυλίαν
2053 1983 2174 2045 τοῦ
2217 1977 2295 2043 έν

299 2073 785 2166 Ἱεροσολύμοις
817 2083 990 2146 ναοῦ
1018 2085 1405 2167 τελευτῆσαι
1431 2077 1551 2150 τὸν
1576 2080 1873 2168 βασιλέα.
1941 2075 2109 2151 ἀλλὰ
2138 2078 2298 2163 περὶ

312 2179 439 2269 μὲν
467 2179 714 2253 τούτου
740 2176 824 2249 οὐ
865 2184 1269 2271 διαφέρομαι
1299 2197 1438 2264 τοῖς
1478 2180 1602 2272 τὴν
1646 2178 1779 2252 ὑπὸ
1819 2189 1948 2251 τοῦ
1973 2188 2297 2269 Μεγαλο-

312 2288 590 2352 πολίτου
628 2285 1015 2373 λεγομένην
1037 2291 1261 2357 αἰτίαν
1301 2283 1484 2377 παρὰ
1517 2283 1642 2373 τὴν
1687 2281 1813 2374 ὑφ’
1846 2312 2037 2374 ημων
2066 2281 2292 2382 ᾆληθῇ
2328 2308 2383 2348 20

248 2395 286 2448 2
312 2392 733 2472 νομίζουσιν·
813 2381 851 2454 ὁ
892 2384 962 2455 δ’
1000 2382 1365 2475 Ἀντίοχος,
1410 2382 1645 2479 πρὶνἋ
1599 2416 1640 2476 η
1669 2395 1987 2458 τελευτᾶν
2012 2390 2299 2467 καλέσας

309 2489 718 2557 Φίλιππον“
676 2514 795 2556 ενα
828 2514 966 2557 των
993 2491 1310 2578 εταίρων,
1372 2497 1488 2580 τῆς
1529 2497 1870 2579 βασιλείας
1909 2487 2121 2560 αυτὸν
2146 2493 2298 2561 ἐπί-

309 2614 564 2679 τροπον
602 2595 996 2679 καθίστησι,
1050 2593 1165 2661 καὶ
1191 2591 1354 2675 δοὺς
1382 2621 1566 2686 αυτω
1594 2591 1669 2663 τὸ
1698 2589 1990 2683 διάδημα
2024 2591 2292 2682 καὶτὴν

308 2690 555 2782 στολὴν
596 2693 710 2762 καὶ
744 2690 876 2765 τὸν
917 2693 1314 2784 δακτύλιον,
1363 2694 1677 2789 Ἀντιόχω
1715 2720 1811 2790 τω
1850 2698 2042 2767 παιδὶ
2080 2691 2298 2769 αὑτοῦ

307 2803 515 2867 ταῦτα
550 2798 857 2867 ἐκέλευσε
882 2803 1249 2887 κομίσαντα
1285 2804 1561 2889 δοῦναι,
1615 2801 1889 2898 δεηθεὶς
1921 2805 2295 2889 προνοῆσαι
2328 2828 2383 2868 25

309 2906 425 2989 τῆς
463 2895 846 2988 ἀνατροφῆς
871 2896 1084 2971 αυτοῦ
1125 2903 1239 2972 καὶ
1274 2910 1554 2995 τηρῆσαι
1594 2899 1717 2991 τὴν
1743 2909 2093 2991 βασιλείαν
2118 2905 2299 2972 ἐκεί-

307 3030 427 3095 νω.
483 3000 784 3074 ἀπέθανε
813 3000 926 3073 δὲ’
892 3011 1236 3099 Αντίοχος
1264 3007 1474 3101 ένατω
1501 3008 1614 3077 καὶ
1640 3011 2152 3099 τεσσαρακοστω
2182 3007 2300 3074 καὶ

166 3120 179 3125 '
309 3105 637 3198 ἑκατοστω
666 3111 819 3175 ἔτει.
887 3115 1143 3189 Λυσίας
1171 3107 1248 3177 δὲ
1276 3105 1487 3179 αυτοῦ
1516 3108 1635 3179 τὸν
1660 3104 1961 3179 θάνατον
1987 3107 2298 3198 δηλώσας

309 3230 409 3294 τω
452 3209 739 3296 πλήθει,
796 3206 915 3279 τὸν
943 3209 1098 3281 υίόν
1123 3206 1339 3282 αυτοῦ
1367 3208 1703 3300 Ἀντίοχον
1729 3208 1964 3298 (αυτὸς
2002 3210 2131 3300 γὰρ
2164 3211 2300 3303 εἶχε

309 3304 433 3390 τὴν
460 3311 881 3397 ἐπιμέλειαν)
894 3309 1336 3385 ἀποδείκνυσι
1370 3316 1679 3406 βασιλέα,
1744 3317 2027 3397 καλέσας
2081 3311 2299 3385 αυτὸν
2331 3337 2385 3378 ³0

310 3402 664 3495 ευπάτορα.

253 3521 288 3574 3
460 3508 535 3575 έν
551 3508 628 3577 δὲ
653 3512 867 3607 τούτῳ
894 3523 987 3609 τῷ
1012 3526 1227 3614 καιρῷ
1256 3525 1329 3595 οί
1356 3524 1431 3595 ἐν
1457 3526 1542 3612 τῇ
1566 3518 1739 3616 ακρα
1757 3550 1908 3592 των·
1914 3482 2297 3612 Ιεροσολύ-
