2500 3882
877 60 1625 160 Enmfflmfflm
1840 66 1845 71 ’
2029 78 2042 85 “
2123 101 2238 163 111

180 281 184 292 ’
250 267 378 362 γὰρ
389 271 671 360 Γρᾶτος,
689 276 828 341 τῶν
845 275 1213 361 βασιλικῶν
1231 292 1657 363 στρατιωτων
1674 266 2012 360 Ῥωμαίοις
2030 295 2238 364 προσ-

247 374 668 462 τεθειμένος,
710 373 869 463 μεθ’
898 365 977 463 ἦς
1019 374 1153 463 εἶχε
1184 374 1536 462 δυνάμεως
1558 371 1942 459 ὑπαντιάζει
1967 374 2088 446 τὸν
2109 383 2238 445 Σί-

248 505 440 567 μωνα
457 528 477 563 ,
504 478 619 545 καὶ
644 477 852 566 μάχης
878 472 1105 558 αυτοῖς
1130 478 1422 567 μεγάλης
1445 480 1554 547 ἐπὶ
1577 476 1750 548 πολὺ
1780 482 2141 569 γενομένης
2165 478 2243 548 τό
2333 541 2347 556 ,.

249 608 323 650 τε
341 577 515 649 πολῦ
533 607 672 650 των
689 583 1027 672 Περαίων,
1055 577 1455 651 ἀσύντακτοι
1484 577 1673 662 ὄντες
1696 583 1811 651 καὶ
1835 584 2043 673 τόλμῃ
2069 588 2236 671 μᾶλ-
2329 605 2334 614 ‘

188 705 221 744 ⁶
254 692 377 753 λον
415 678 457 771 ἢ
502 683 825 774 ἐπιστήμῃ
869 683 1268 773 μαχόμενοι,
1319 685 1823 775 διεφθάρησαν,
1867 688 1991 768 ικαὶ
2031 682 2242 755 αὐτοῦ

251 792 593 873 Σίμωνος,
644 794 830 877 φυγῇ
873 785 987 856 διά
1032 814 1212 867 τινος
1258 787 1603 877 φάραγγος
1654 787 1974 871 σώζοντος
2011 784 2240 874 αὑτόν,

253 893 506 977 Γρᾶτος
530 888 830 978 έντυχων
872 887 998 978 τὴν
1034 888 1338 982 κεφαλὴν
1363 887 1754 980 ἀποτέμνει.
1807 887 2241 982 κατεπρήσθη

255 991 470 1061 δὲκαὶ
496 1019 577 1061 τα
606 995 715 1062 ἐπὶ
739 1000 833 1088 τῷ
857 989 1157 1082 Ἰορδάνῃ
1191 998 1463 1085 ποταμῷ
1489 996 1565 1062 ἐν
1595 991 1910 1082 Ἀμαθοῖς
1935 1002 2242 1083 βασίλεια
2326 1025 2330 1034 ’

253 1090 388 1165 ὑπὸ
428 1100 637 1194 τίνων
687 1096 1078 1166 συστάντων
1117 1091 1394 1186 ἄνδρων
1429 1103 1695 1185 Σίμωνι
1733 1097 2239 1188 παραπλησίων.

170 1221 219 1262 ιο
255 1194 430 1268 οὕτω
472 1196 685 1287 πολλὴ
727 1195 1078 1288 ἀφροσύνη
1128 1196 1595 1269 ἐνεπολίτευσε
1637 1205 1744 1293 τῷ»
1768 1206 1960 1271 ἔθνει
2002 1200 2115 1271 διὰ
2166 1198 2243 1269 τὸ
2304 1222 2307 1224 ’

250 1302 537 1390 βασιλέα
554 1302 681 1390 μὲν
706 1308 958 1372 οἰκεῖον
981 1330 1111 1373 ουκ
1139 1300 1313 1371 εἶναι
1339 1300 1459 1373 τὸν
1482 1306 1855 1386 καθέξοντα
1878 1301 1955 1373 τὸ
1985 1310 2244 1393 πλῆθος

252 1403 455 1495 ἀρετῇ
471 1455 488 1487 ,
538 1432 695 1485 τους
736 1405 809 1474 δὲ
855 1401 1279 1511 ἀλλοφύλους
1332 1406 1742 1486 ἐπελθόντας
1781 1404 2243 1532 σωφρονιστας

253 1514 373 1577 τοῦ
391 1507 859 1589 στασιάσοντος
884 1536 1022 1577 των
1049 1506 1439 1616 ἀνθρώπων
1458 1504 1853 1597 ὑπέκκαυμα
1879 1507 2106 1586 αὐτων
2132 1514 2173 1578 ὃ
2176 1538 2243 1578 ια

252 1637 326 1679 τε
377 1615 499 1678 τοῦ
546 1606 848 1700 υβρίζειν
892 1613 1004 1681 καὶ
1049 1603 1477 1681 πλεονεκτεῖν
1523 1616 1894 1700 γενέσθαι,
1937 1614 2084 1684 ἐπεὶ
2123 1614 2244 1681 καὶ
2272 1630 2307 1685 7
2410 1689 2414 1698 ,

172 1742 221 1784 15
247 1711 655 1803 Ἀθρόγγης,
711 1711 882 1805 ανήρ
925 1711 1082 1785 οὔτε
1137 1715 1490 1804 προγόνων
1515 1747 1520 1749 ’
1545 1714 1878 1805 ἐπιφανὴς
1924 1714 2243 1804 ἄξιωματι

254 1813 408 1887 οὔτε
436 1814 674 1907 ἀρετῆς
701 1812 1122 1910 περιουσία’“
1081 1849 1122 1909 η
1148 1845 1357 1890 τινων
1386 1817 1633 1908 πλήθει
1659 1818 2044 1909 χρημάτων,
2090 1841 2239 1910 ποι·-1

255 1916 390 2011 μὴν
416 1920 491 1990 δε
514 1918 691 1991 καὶ’
655 1918 1077 2012 ανεπιφανὴς
1099 1936 1238 2002 τοῖς
1266 1943 1470 1993 πασιν
1499 1928 1594 2003 είς
1617 1951 1698 1992 τα
1726 1921 1943 2024 πάντα
1965 1919 2089 2009 ω’ν,
2121 1919 2239 1993 αλ-,

257 2032 389 2125 λως
423 2024 496 2092 δὲ
535 2029 810 2111 μεγέθει
838 2024 1137 2113 σώματος
1175 2028 1289 2095 καὶ
1317 2030 1399 2117 τῇ
1434 2053 1609 2096 ,κατα
1633 2011 1857 2116 χεῖρας
1896 2022 2066 2114 αλκῇ
2091 2031 2240 2094 δια-

186 2131 191 2141 ’
257 2127 563 2215 πρέπων,
603 2128 963 2218 ἐτόλμησεν
991 2131 1100 2198 ἐπὶ
1127 2134 1435 2220 βασιλεία
1461 2135 1814 2217 φρονῆσαι,
1843 2130 1956 2197 καὶ
1985 2127 2097 2197 δια
2121 2124 2245 2216 τὴν

167 2249 222 2291 2⁰
255 2224 509 2319 ἡδονὴν
541 2237 661 2300 τοῦ
687 2235 891 2302 πλέον
927 2226 1201 2321 υβρίσαι
1245 2234 1358 2301 καὶ
1400 2230 1720 2321 θνήσκων
1758 2258 1883 2301 ουκ
1922 2235 1998 2301 έν
2034 2230 2246 2320 μεγά-
2329 2254 2352 2274 <³

254 2342 396 2413 λοις
424 2340 741 2404 τίθεσθαι
768 2340 883 2423 τῆς
908 2341 1125 2427 ψυχῆς
1147 2332 1223 2406 τὰ
1249 2337 1359 2405 ἐπὶ
1378 2340 1668 2404 τοιοῖσδε
1694 2330 2014 2422 άνάλωμα
2039 2362 2240 2422 γενη-
2406 2342 2416 2352 ‘

212 2422 562 2529 σόμενον.
602 2426 778 2527 ἦσαν
806 2439 881 2509 δὲ
916 2434 1098 2532 αὖτω
1125 2439 1238 2509 καὶ
1265 2436 1548 2530 ἀδελφοὶ
1575 2441 1888 2562 τέσσαρες
1906 2489 1923 2521 ,
1966 2436 2242 2527 μεγάλοι

254 2566 327 2607 τε
352 2541 465 2607 καὶ
492 2537 682 2610 αυτοὶ
709 2543 823 2611 καὶ
855 2542 964 2612 ἐπὶ
991 2545 1159 2630 μέγα
1187 2542 1507 2631 προύχειν
1530 2546 1614 2631 τῇ
1641 2538 1809 2610 κατὰ
1833 2556 2058 2632 χεῖρας
2081 2568 2238 2630 αρε-

256 2646 338 2730 τῇ
381 2645 928 2731 πεπιστευμένοι,
984 2643 1337 2736 πρόβλημα
1390 2643 1562 2715 εἶναι
1590 2649 1709 2733 τῆς
1745 2646 2082 2726 καθέξεως
2127 2649 2244 2731 τῆς

165 2774 222 2817 25
256 2749 599 2834 βασιλείας
639 2750 1016 2827 δοκοῦντες.
1072 2745 1274 2833 λόχου
1315 2775 1387 2817 τε
1424 2744 1650 2817 αὐτων
1687 2736 1892 2837 ἦρχεν
1933 2749 2239 2826 ἕκαστος·
2295 2802 2306 2813 ‚

250 2847 659 2936 συλλέγεται
671 2876 800 2938 γαρ
827 2848 1082 2939 μεγάλη
1108 2847 1377 2938 πληθὺς
1404 2848 1568 2940 πρὸς
1592 2847 1855 2930 αὐτούς.
1894 2851 2006 2918 καὶ
2032 2856 2098 2920 οἳ
2118 2877 2243 2938 μεν

249 2952 606 3079 στρατηγοὶ
658 2942 863 3040 ἦσαν,
911 2954 1037 3022 καὶ·
1058 2947 1607 3047 ὑπεστρατήγουν
1629 2949 1827 3047 αὐτῷ
1881 2947 2094 3023 ὁπόσα
2148 2958 2244 3032 εἰς

249 3053 366 3136 τὰς
393 3055 606 3144 μάχας
634 3062 998 3144 φοιτῶντες
1024 3052 1117 3125 δι’
1153 3051 1415 3127 αὑτων·
1470 3052 1509 3126 ὃ
1539 3057 1615 3127 δὲ
1643 3055 1936 3145 διάδημα
1962 3058 2239 3144 περιθέ-
2319 3132 2322 3135 ,
2427 3150 2434 3159 Δ

252 3185 449 3247 μενος
485 3158 971 3249 βουλευτήριόν
1005 3186 1079 3229 τε
1117 3150 1282 3250 ἦγεν
1322 3161 1432 3230 ἐπὶ
1468 3174 1607 3241 τοῖς
1645 3162 1973 3248 ποιητέοις
2009 3160 2123 3228 καὶ
2160 3157 2242 3228 τὰ

162 3287 220 3330 ao
254 3259 473 3329 πάντα
500 3260 732 3352 γνωμῃ
759 3260 1166 3351 ἀνακείμενα
1195 3261 1330 3351 εἶχε
1354 3268 1436 3352 τῇ
1461 3257 1692 3335 αυτοῦ.
1739 3262 2008 3350 διέμενέ
2025 3290 2098 3331 τε
2132 3263 2242 3330 ἐπὶ

254 3352 449 3432 πολὺ
445 3364 628 3432 τωᾶε
648 3392 744 3433 τω
772 3360 1035 3457 ανδρὶ“
1000 3394 1042 3454 η
1071 3365 1292 3454 ἰσχύς,
1334 3374 1595 3454 βασιλεῖ
1618 3391 1691 3434 τε
1716 3366 2101 3456 κεκλημένῳ
2129 3365 2241 3431 καὶ
2289 3422 2300 3434 ,

251 3460 297 3535 ἃ
323 3461 648 3556 πράσσειν
672 3469 895 3540 ἐθέλοι
921 3497 1011 3558 μη
1038 3458 1614 3584 ἆποστερουμένω.
1657 3464 1848 3558 φόνῳ,
1872 3493 1945 3535 τε
1973 3467 2088 3535 καὶ
2113 3461 2235 3531 αὖ·
