2500 3882
266 128 344 186 74
830 176 836 183 ,
950 124 1603 185 ΛΡΧΛΙΟΛΟΓΙΑΣ

264 324 608 385 κατευχας.
688 292 727 367 ὃ
769 297 844 367 δὲ
887 293 1045 378 στὰς
1084 303 1179 379 εἰς
1219 242 1427 386 μέσον
1464 293 1705 386 ηὔχετο
1751 301 1848 390 τῷ
1883 304 2151 387 βασιλεῖ
2188 296 2274 367 τὰ

266 398 496 491 ἀγαθὰ
529 400 643 469 καὶ
682 416 821 482 τοῖς
860 397 1253 491 ἀρχομένοις
1292 396 1411 481 ὑπ’
1443 396 1675 473 αὐτοῦ.
1732 399 1875 471 εἶτα
1916 401 2152 501 κρότος
2201 404 2273 485 ἐξ

266 503 587 579 ἁπάντων
629 501 794 591 μετὰ
835 510 1041 594 χαρᾶς
1083 506 1194 573 καὶ
1239 509 1402 593 βοῆς
1437 501 1657 594 ἤρθη,
1700 505 1814 573 καὶ
1851 505 2276 594 παυσάμενοι

267 607 435 701 πρὸς
461 603 748 695 εὐωχίαν
774 609 886 681 καὶ
914 606 1038 697 τὴν
1063 605 1442 678 ἀπόλαυσιν
1457 612 1596 677 τῶν
1622 611 2276 698 παρεσκευασμένων

271 704 671 803 ἐτράπησαν.
747 708 1083 781 διαλιπῶν
1131 711 1206 783 δὲ
1250 705 1287 782 5
1331 707 1646 799 βασιλεὺς
1683 709 1790 799 ἐφ’
1837 708 1995 782 ὅσον
2037 713 2280 803 ἔδοξεν
2310 748 2336 787 5

269 814 666 905 ἀποχρῶντα
706 811 942 903 καιρὸν
972 814 1180 902 εἶναι,
1212 823 1613 903 φιλοσοφεῖν
1651 811 1923 902 ἤρξατο,
1965 817 2274 885 καὶιὲκα-

273 943 435 990 στον
460 912 689 986 αὐτῶν
714 916 955 1004 λόγους
970 916 1292 1008 ,ἐπηρώτα
1312 915 1645 1006 φυσικούς
1664 916 1965 1009 καὶπρὸς
1989 916 2115 1008 τὴν
2139 922 2281 987 τῶν

273 1021 701 1111 ζητουμένων
723 1028 1073 1111 θεωρίαν.-
1112 1017 1407 1111 ἀκριβῶς
1438 1018 1504 1090 δ’
1540 1025 1821 1091 ἐκείνων
1848 1023 2003 1112 περὶ
2021 1019 2282 1101 ’παντὸς

277 1120 785 1210 οὖτινοσοῦν,ο
749 1123 1052 1212 ὀλέγειυ
1089 1121 1319 1205 αὐτοῖς
1358 1132 1778 1214 προβληθείη
1795 1176 1814 1211 ,
1858 1123 2276 1214 διασαφούν-

182 1218 187 1227 ’
277 1255 437 1314 των,
457 1221 781 1316 ἡδόμενος
799 1233 1106 1299 τοιοῦτον
1134 1225 1232 1316 ἐφ’
1253 1224 1502 1352 ἡμέρας
1522 1227 1788 1297 δῶδεκα
1806 1227 1882 1299 τὸ
1901 1228 2278 1317 συμπόσιον
2321 1254 2370 1296 ιο

280 1326 729 1420 ἐποιήσατο,’
683 1359 772 1413 ως
795 1337 890 1402 τῶ
915 1332 1306 1424 βουλομένω
1329 1327 1411 1399 τὰ
1439 1328 1606 1400 κατὰ
1632 1334 1829 1420 μέρος
1853 1337 2113 1420 γνῶναι
2142 1337 2286 1401 τῶν

283 1438 358 1506 ἐν
379 1440 475 1503 τῶ
498 1446 847 1528 συμποσίω
877 1436 1301 1523 ζητηθέντων
1327 1432 1502 1503 εἶναι
1537 1446 1790 1525 μαθεῖν
1817 1432 2179 1524 ἀναγνόντι
2206 1432 2285 1503 τὸ

182 1559 250 1614 12
277 1535 653 1627 Ἀρισταίου
700 1544 1003 1626 βιβλίον,
1031 1534 1090 1606 ’ὃ
1133 1538 1518 1627 συνέγραψε
1560 1535 1671 1608 διὰ
1715 1542 1943 1608 ταῦτα.
2010 1537 2307 1627 θαυμα-”
2343 1592 2352 1596 -

246 1640 257 1651 “
284 1648 508 1725 ζουτος
538 1635 604 1708 δ’
637 1637 883 1720 αὐτοὺς
909 1638 992 1710 οὐ
1017 1638 1228 1729 μόνον
1250 1645 1374 1709 τοῦ
1400 1644 1756 1729 βασιλέως,
1784 1637 1954 1711 ἆλλά
1977 1643 2092 1711 καὶ
2129 1648 2283 1710 Με-

286 1741 583 1831 νεδήμου
636 1748 758 1813 τοῦ
819 1742 1199 1832 φιλοσόφου
1265 1750 1549 1836 προνοίᾳ
1603 1750 2008 1815 διοικεῖσθαι
2067 1743 2287 1817 πάντα
2325 1773 2379 1814 ιο

289 1845 661 1936 φήσαντος,
706 1848 819 1916 καὶ
865 1844 979 1916 δια
1014 1843 1199 1916 τοῦτ’
1244 1843 1420 1927 εἰκὸς
1450 1849 1562 1918 καὶ
1600 1853 1723 1917 τοῦ
1749 1846 1954 1936 λόγου
1995 1846 2291 1936 δύναμιν

289 1952 405 2020 καὶ
430 1948 669 2039 κάλλος
694 1945 1060 2041 ηὑρῆσθαι,
1088 1949 1417 2021 παύονται
1442 1951 1566 2041 μὲν
1594 1954 1748 2042 περὶ
1773 1951 2034 2023 τούτων
2061 1953 2287 2040 ἐπιζη-
2379 1945 2384 1950 ’

289 2058 564 2134 τοῦντες
579 2105 597 2138 ,
640 2060 1049 2145 γεγενῆσθαι
1086 2051 1157 2124 δ’
1190 2049 1378 2147 αὐτῷ
1415 2051 1494 2125 τὰ
1528 2056 1804 2148 μέγιστα
1840 2060 1981 2126 τῶν
2004 2051 2295 2143 ἀγαθῶν

290 2153 329 2228 5
368 2155 682 2246 βασιλεὺς
722 2165 955 2245 ἔλεγεν
995 2155 1126 2248 ἤδη
1156 2156 1514 2246 παρόντων
1557 2155 1818 2228 αὐτῶν·
1890 2156 2293 2248 ὠφελῆσθαι

291 2257 421 2349 γὰρ
448 2258 606 2350 παρ’
653 2259 878 2333 αὐτῶν
917 2261 1353 2351 μεμαθηκότα
1396 2267 1536 2342 πῶς
1574 2267 1685 2333 δεῖ
1703 2260 2108 2350 βασιλεύειν.
2171 2265 2287 2331 κε·-
2329 2292 2388 2335 2⁰

294 2362 480 2432 λεύει
502 2389 575 2431 τε
601 2360 828 2446 αὐτοῖς
855 2361 986 2433 ἆνά
1009 2371 1162 2453 τρία
1191 2369 1479 2452 δοθῆναι
1503 2365 1793 2436 τάλαντα
1812 2362 2100 2445 καὶτοὺς
2120 2359 2290 2434 ἄπο-

295 2464 823 2553 καταστήσοντας
847 2468 961 2552 ἐπὶ,
980 2463 1107 2556 τὴν
1133 2465 1521 2537 κατάλυσιν.

441 2573 863 2640 διελθουσῶν
894 2569 970 2639 δὲ
996 2574 1202 2659 τριῶν
1227 2565 1498 2660 ἡμερῶν
1536 2567 1947 2660 παραλαβῶν
1982 2565 2231 2649 αὐτοὺς
2260 2566 2300 2640 5
2337 2573 2340 2576 ’

295 2670 711 2762 Δημήτριος,
742 2673 856 2742 καὶ
883 2669 1181 2743 διελθῶν
1206 2670 1283 2742 τὸ
1309 2673 1767 2744 ’ἑπταστάδιον
1801 2678 1987 2763 χῶμα
2015 2668 2134 2760 τῆς
2158 2682 2295 2742 θα-

278 2776 540 2865 λάσσης
568 2773 732 2865 πρὸς
755 2773 877 2866 τὴν
901 2782 1143 2866 νῆσον,
1182 2777 1297 2845 καὶ
1331 2776 1569 2865 διαβὰς
1601 2774 1766 2868 πρὸς
1798 2774 1921 2865 τὴν
1958 2777 2294 2866 γέφυραν,

296 2876 657 2971 προελθών
699 2881 809 2949 ἐπὶ
846 2876 928 2948 τὰ
965 2878 1199 2968 βόρεια
1238 2882 1406 2970 μέρη
1443 2884 1803 2970 συνέδριον
1838 2878 2192 2968 ἐποιήσατο
2222 2881 2301 2951 ἐν

294 2989 388 3076 τῷ
416 3008 596 3072 παρα
621 2980 745 3071 τὴν
766 2979 937 3073 ᾐόνα
963 2985 1555 3078 κατεσκευασμένῳ
1591 2994 1788 3076 οἴκῳ,
1833 2979 1997 3072 πρὸς
2023 2980 2296 3053 διασκε-

293 3100 420 3167 φιν
446 3111 853 3175 πραγματων
876 3082 1153 3175 ἠρεμίας
1179 3091 1401 3167 καλῶς
1427 3092 1665 3174 ἔχοντι.
1720 3082 1993 3174 ἆγαγῶν
2021 3075 2149 3154 οὖν
2168 3084 2300 3157 αὐ-

295 3213 454 3265 τους
490 3188 628 3257 ἐκεῖ
665 3188 1027 3278 παρεκάλει
1066 3216 1373 3276 παντων,
1419 3180 1520 3259 ῶν
1565 3218 1651 3260 αν
1692 3194 2006 3278 δεηθειευ
2036 3192 2133 3267 εἰς
2172 3187 2305 3280 τὴν

236 3309 251 3322 ’
298 3292 658 3378 ἑρμηνείαν
681 3298 801 3361 τοῦ
831 3293 1064 3383 νόμου,
1097 3291 1452 3382 παρόντων
1477 3289 1837 3373 ἀκωλύτως
1863 3295 2194 3363 ἐπιτελεῖν
2220 3290 2302 3364 τὸ
2343 3328 2412 3370 ω

298 3399 521 3480 ἔργον.
582 3396 649 3458 οἳ
673 3390 738 3461 δ’
775 3390 862 3476 ῶς
890 3402 992 3467 ἔνι
1030 3395 1315 3485 μάλιστα
1353 3403 1718 3486 φιλοτίμως
1764 3397 1876 3466 καὶ
1916 3394 2308 3484 φιλοπόνως

297 3492 424 3586 τὴν
453 3492 811 3583 ἑρμηνείαν
847 3497 1090 3590 ἀκριβῆ
1125 3499 1515 3591 ποιούμενοι
1553 3503 1745 3593 μέχρι
1782 3499 1909 3591 μὲν
1944 3493 2119 3589 ῶρας
2143 3500 2307 3573 ἐνά-
