2500 3882
832 174 1645 234 ENNEAKAIAEKATH
1708 195 1722 212 ·
2106 176 2228 240 235

245 342 670 435 Ἱεροσόλυμα
697 344 771 415 δὲ
790 343 1015 414 ἐλθών
1040 353 1507 437 χαριστηρίους
1525 346 1937 438 ἐξεπλήρωσε
1962 355 2229 435 θυσίας,

246 446 455 519 οὐδὲν
482 452 618 518 τῶν
653 446 823 517 κατὰ
863 446 1070 537 νόμον
1097 448 1517 540 παραλιπών.
1564 448 1671 520 διὸ
1699 453 1813 519 καὶ
1846 458 2232 539 Ναζιραίων

248 553 582 640 ξυρᾶσθαι
611 552 866 633 διέταξε
894 551 1070 638 μάλα
1094 551 1413 639 συχνούς,
1460 550 1583 641 τήν
1608 579 1680 622 τε
1708 559 1964 643 χρυσῆν
1992 550 2233 624 ἅλυσιν

246 652 373 743 τὴν
400 660 725 724 δοθεῖσαν
760 651 942 752 αύτῷ
968 649 1100 724 ὑπὸ
1126 662 1340 725 Γαΐου
1368 653 1774 745 ἰσόσταθμον
1812 661 1892 748 τῇ
1916 662 2160 748 σιδηρᾷ
2188 646 2231 745 ᾖ

195 784 225 824 ο
252 755 367 838 τὰς
390 753 787 847 ἡγεμονίδας
810 773 1033 846 χεῖρας
1060 760 1264 847 ἐδέθη
1282 810 1302 844 ,
1345 762 1460 850 τῆς
1500 763 1787 848 στυγνῆς
1831 759 2002 829 εἶναι
2033 760 2234 848 τύχης

247 854 608 950 ὑπόμνημα
636 861 757 928 καὶ·
773 865 888 948 τῆς
916 866 1010 940 εἰς
1036 859 1115 930 τὰ
1143 868 1421 949 κρείττω
1448 869 1821 950 μαρτυρίαν
1847 867 2232 951 μεταβολῆς,

248 968 388 1032 τῶν
422 961 623 1051 ἱερῶν
663 961 848 1042 ἐν’τός
887 960 1295 1054 ἀνεκρέμασε
1331 964 1710 1053 περιβόλων
1741 960 1913 1053 ὑπὲρ
1939 962 2013 1034 τὰ
2039 972 2228 1052 γαζο-

252 1065 617 1154 φυλάκιον,
665 1062 760 1136 ἵν’
803 1055 847 1155 ᾗ
887 1071 1127 1156 δεῖγμα
1166 1069 1276 1136 καὶ
1324 1072 1445 1137 τοῦ
1482 1064 1563 1137 τὰ
1600 1068 1854 1156 μεγάλα
1896 1064 2239 1139 δύνασθαί

251 1194 411 1240 ποτε
448 1183 678 1239 πεσεῖν
704 1171 814 1238 καὶ
858 1174 979 1238 τοῦ
1016 1166 1136 1239 τὸν
1172 1167 1342 1240 θεὸν
1378 1172 1662 1259 ἐγείρειν
1701 1169 1783 1241 τὰ
1819 1171 2229 1240 πεπτωκότα.

169 1302 220 1343 ιο
252 1277 413 1341 πᾶσι
439 1270 566 1361 γὰρ
592 1277 787 1342 τοῦτο
818 1271 1206 1361 ἐνεφάνιζεν
1231 1268 1274 1361 ἡ
1302 1277 1417 1362 τῆς
1442 1268 1738 1355 ἁλύσεως
1764 1270 2102 1359 ἀνάθεσις,
2127 1270 2232 1344 ’ὅτι

202 1445 207 1449 .
251 1373 562 1462 βασιλεὺς
612 1372 976 1463 Ἀγρίππας
1010 1372 1140 1445 ἀπὸ
1184 1380 1421 1466 μικρᾶς
1472 1381 1685 1457 αἰτίας
1739 1383 1833 1456 εἰς
1887 1374 2232 1465 δεσμώτην

250 1474 466 1547 ἀπέδυ
492 1474 567 1546 τὸ
593 1478 752 1567 πρὶν
780 1475 1065 1567 ἀξίωμα,
1093 1479 1207 1547 καὶ
1233 1475 1377 1566 μετ’
1409 1474 1639 1566 ὀλίγον
1663 1484 1779 1569 τῆς
1805 1482 2009 1568 πέδης
2035 1477 2233 1568 ἐκβὰς

9 1674 10 1681 ¹
126 1635 135 1642 ,
251 1585 346 1661 εἰς
380 1582 654 1668 βασιλέα
687 1586 807 1651 τοῦ
839 1580 1041 1673 πάλαι
1082 1581 1540 1672 λαμπρότερον
1578 1579 1865 1672 ἠγέρθη·
1924 1580 2033 1652 διὰ
2071 1583 2227 1652 τού·

246 1711 385 1754 των
412 1688 792 1755 ἐννοεῖσθαι
823 1680 925 1754 ὅτι
961 1688 1077 1773 τῆς
1116 1682 1554 1776 ἀνθρωπίνης
1574 1685 1855 1773 ,φύσεως
1891 1687 2002 1755 καὶ
2027 1690 2233 1760 πᾶσιν

168 1812 216 1852 ιε
250 1784 670 1857 ὀλισθαίνειν
703 1785 786 1857 τὰ
825 1789 1082 1877 μεγέθη
1116 1789 1229 1857 καὶ
1266 1786 1347 1859 τὰ
1384 1791 1704 1859 κλιθέντα
1731 1787 2013 1859 δύναται
2041 1814 2230 1879 περι-

249 1890 460 1980 φανὲς
487 1891 692 1961 πάλιν
727 1895 961 1980 λαβεῖν
988 1888 1178 1976 ὕψος.

404 1996 686 2074 ἐντελῶς
739 1992 803 2063 δ’
851 1985 976 2064 οὖν
1028 1992 1453 2085 θρησκεύσας
1491 1993 1609 2066 τὸν
1661 1993 1830 2065 θεὸν
1875 1992 2235 2084 Ἀγρίππας
2258 2011 2293 2062 2

253 2095 586 2184 Θεόφιλον
612 2096 737 2186 μὲν
761 2094 880 2166 τὸν
895 2095 1177 2168 Ἀνάνου
1203 2103 1320 2187 τῆς
1343 2095 1836 2186 ἀρχιερωσύνης
1861 2099 2233 2185 μετέστησε,

155 2262 177 2281 ,
250 2204 343 2292 τῷ
372 2198 446 2269 δὲ
473 2203 749 2287 Βοηθοῦ
770 2206 1035 2289 Σίμωνι
1066 2197 1309 2294 (τούτῳ
1336 2204 1707 2289 Κανθηρᾶς
1744 2203 2081 2288 ἐπίκλησις
2118 2191 2233 2288 ἠν)

158 2328 215 2369 2⁰
248 2300 372 2392 τὴν
400 2306 662 2373 ἐκείνου
689 2304 1082 2393 προσένειμε
1107 2303 1326 2393 τιμήν.
1381 2303 1504 2373 δύο
1531 2303 1607 2373 δὲ
1632 2293 1805 2392 ἦσαν
1829 2299 2110 2391 ἀδελφοὶ
2140 2308 2234 2395 τῷ

249 2413 512 2496 Σίμωνι
555 2409 670 2475 καὶ
725 2403 938 2495 πατὴρ
977 2406 1240 2496 Βοηθός
1256 2457 1275 2493 ,
1309 2396 1410 2481 ,οὗ
1450 2411 1533 2496 τῇ
1581 2407 1872 2498 θυγατρὶ
1921 2402 2235 2495 βασιλεὺς

250 2509 643 2603 συνῴκησεν
666 2503 1000 2600 Ἡρώδης,
1045 2505 1135 2591 ὥς
1159 2507 1471 2597 ἀνωτέρω
1499 2509 1890 2600 δεδήλωται.
1943 2501 2071 2579 σῦν
2098 2524 2236 2591 τοῖς

249 2607 568 2699 ἀδελφοῖς
594 2603 718 2682 οὖν
758 2610 882 2701 τὴν
910 2613 1287 2702 ἱερωσύνην
1312 2617 1503 2701 ἔσχεν
1528 2609 1565 2682 ὁ
1590 2619 1827 2701 Σίμων
1854 2614 1967 2682 καὶ
1990 2611 2119 2681 σὺν
2142 2617 2236 2704 τῷ

251 2720 486 2802 πατρί,
524 2712 710 2784 καθὰ
737 2717 850 2784 καὶ
891 2714 1217 2807 πρότερον
1243 2721 1439 2803 ἔσχον
1473 2718 1543 2783 οἱ
1564 2720 1883 2802 Σίμωνος.
1901 2719 2021 2783 τοῦ
2051 2712 2236 2783 Ὀνία

160 2847 217 2891 25
252 2822 490 2897 παῖδες
516 2832 693 2908 τρεῖς
718 2814 903 2899 ὄντες
929 2819 1039 2889 ἐπὶ
1065 2824 1181 2909 τῆς
1204 2823 1340 2888 τῶν
1366 2816 1792 2887 Μακεδόνων
1817 2814 2043 2908 ἀρχῆς,
2070 2812 2237 2904 ὅπερ

250 2923 327 2991 ἐν
353 2935 498 3000 ταῖς
524 2919 972 3009 προαγούσαις
997 2937 1291 3011 γραφαῖς
1317 2923 1716 3010 παρέδομεν.
1757 2964 1762 2969 ·

402 3023 977 3113 καταστησάμενος
1004 3024 1078 3094 δὲ
1114 3021 1197 3094 τὰ
1235 3026 1391 3113 περὶ
1416 3021 1572 3105 τοὺς
1596 3021 1938 3114 ἀρχιερέας
1963 3018 2174 3102 οὕτως
2197 3016 2235 3092 ὁ
2260 3033 2296 3086 3

248 3123 560 3212 βασιλεὺς
598 3125 754 3207 τούς
799 3121 1317 3216 Ἱεροσολυμίτας
1355 3123 1680 3217 ἠμείψατο
1720 3130 1835 3216 τῆς
1893 3131 1987 3206 εἰς
2028 3121 2235 3195 αὐτὸν

251 3226 514 3310 εὐνοίας
533 3251 548 3266 ·
604 3225 810 3331 ἀνῇκε
835 3236 1006 3317 γοῦν
1033 3226 1259 3311 αὐτοῖς
1284 3226 1365 3300 τὰ
1391 3225 1565 3318 ὑπὲρ
1594 3229 1866 3317 ἑκάστης
1891 3234 2123 3316 οἰκίας,
2161 3231 2237 3300 ἐν

156 3358 213 3400 ao
250 3337 429 3424 καλῷ
483 3335 836 3422 τιθέμενος
883 3330 1275 3404 ἀντιδοῦναι
1320 3348 1459 3414 τοῖς
1508 3329 1882 3420 ἠγαπηκόσι
1925 3332 2233 3422 στοργήν.

246 3438 535 3521 ἔπαρχον
578 3435 654 3505 δὲ
695 3432 1003 3519 ἀπέδειξε
1041 3438 1286 3517 παντὸς
1327 3441 1449 3506 τοῦ
1480 3432 1964 3524 στρατεύματος
1994 3440 2234 3520 Σίλαν,

245 3533 467 3628 ἄνδρα
496 3544 762 3609 πολλῶν
789 3535 971 3633 αὐτῷ
1003 3538 1233 3610 πόνων
1258 3536 1816 3627 συμμετασχόντα.
1858 3538 2234 3610 παντάπασι
