2500 3882
772 159 803 218 Γ
879 189 1507 258 EKKAIAEKATH
2110 192 2191 252 47

173 377 235 420 τι
284 348 563 420 δύναιτο
607 348 1061 439 μετριωτερον
1102 346 1331 437 εὑρεῖν
1363 351 1486 434 ,διά
1520 376 1594 419 τε
1636 358 1775 421 τῶν
1822 358 2043 441 φίλων
2083 358 2197 424 καὶ

173 451 343 541 πρὸς
372 449 586 520 αὐτὸν
610 456 919 542 Καίσαρα
947 450 1071 537 τὴν
1102 451 1415 536 ἐντυχίαν
1443 451 1910 540 ποιησάμενος.

344 547 539 619 κάκεῖ
561 544 745 636 ‘dv‘
712 576 749 618 ο
781 544 1234 635 Δαμασκηνὸς
1264 544 1463 636 ἀπῄει
1496 548 1868 639 Νικόλαος,
1898 551 2194 633 ἐξετετά-
2212 557 2297 622 10

176 676 380 734 ρακτο
411 650 484 718 δε
514 647 596 727 τὰ
625 653 781 736 περὶ
814 649 951 746 τὴν
970 653 1190 716 οἰκίαν
1217 652 1330 716 καὶ
1358 646 1519 730 τούς
1546 653 1786 731 παῖδας
1814 648 1998 745 αὐτῷ
2019 651 2194 722 πολὺ

114 775 144 813 ες
179 762 403 835 χεῖρον
432 748 754 834 ἐσχηκότα
783 745 950 816 κατὰ
981 745 1102 815 τὸν
1130 745 1372 829 καιρὸν
1391 749 1674 816 ἐκεῖνον.
1719 746 1892 830 ὅλως
1918 748 2042 837 μὲν
2065 752 2196 839 γὰρ

178 844 341 916 οὐδὲ
370 846 491 915 τὸν
521 852 909 934 ἔμπροσθεν
933 845 1187 934 χρόνον
1227 843 1617 931 ἀσύνοπτον
1652 839 1740 936 ἦν
1769 876 1860 929 ως
1897 847 1973 917 τὸ
2004 850 2198 936 μέγι-

179 966 340 1014 στον
376 948 488 1016 καὶ
516 949 1042 1035 δυσχερέστατον
1070 970 1208 1014 των
1236 943 1696 1033 ἀνθρωπίνων
1726 953 1974 1017 παθῶν
2003 945 2196 1035 ἠπεί-

178 1054 370 1133 ληται
398 1052 479 1135 τῇ
509 1053 811 1136 βασιλείᾳ
854 1045 967 1115 διὰ
1009 1052 1126 1132 τῆς
1156 1045 1390 1132 τύχης·
1434 1048 1745 1134 ἐπέβαινε
1778 1050 1853 1117 δὲ
1875 1051 1985 1116 καὶ
2023 1054 2193 1138 μᾶλ-

178 1151 300 1213 λον
327 1142 593 1232 ηὐξήθη
625 1144 774 1215 τότε
807 1144 988 1229 παρὰ
1022 1142 1347 1231 τοιαύτην
1369 1149 1608 1213 αἰτίαν.
1665 1143 2029 1234 Εὐρυκλῆς
2056 1143 2189 1216 ἆπό

93 1270 146 1309 10
179 1249 714 1332 Λακεδαίμονος,
747 1242 876 1312 οὐκ
908 1241 1162 1330 ἄσημος
1183 1249 1322 1312 τῶν
1357 1245 1524 1332 ἐκεῖ,
1558 1244 1764 1326 κακὸς
1794 1248 1869 1314 δὲ
1898 1242 2022 1332 τὴν
2057 1259 2193 1327 ψυ-

177 1344 302 1431 χὴν
344 1341 746 1430 ἅνθρωπος,
784 1345 895 1412 καὶ
935 1344 1088 1430 περὶ
1116 1340 1389 1429 τρυφὴν
1432 1345 1543 1414 καὶ
1584 1351 1941 1413 κολακείαν
1969 1345 2193 1425 δεινὸς

180 1444 497 1527 ἑκατέραν
528 1440 756 1530 αὐτῶν
789 1447 966 1528 ἔχειν
993 1468 1066 1510 τε
1099 1444 1210 1509 καὶ
1246 1439 1338 1529 μὴ
1377 1445 1641 1530 δοκεῖν,
1671 1443 2082 1531 ἐπιδημήσας
2108 1439 2199 1523 ὥς

178 1541 300 1610 τὸν
331 1540 642 1628 “Ηρω’δην
691 1542 880 1629 δῶρά
934 1568 1006 1610 τε
1062 1546 1343 1610 δίδωσιν
1396 1539 1578 1631 αὐτῷ
1621 1545 1738 1611 καὶ
1780 1549 1986 1612 πλείω
2035 1541 2202 1631 παρ’

179 1644 446 1710 ἐκείνου
475 1639 706 1729 λαβών
734 1655 875 1723 ταῖς
905 1639 1272 1728 εὐκαιρίαις
1297 1648 1434 1708 τῶν
1463 1639 1830 1723 ἐντεύξεων
1855 1643 2200 1731 ἐπραγμα-

95 1765 146 1805 15
184 1742 466 1810 τεύσατο
502 1747 697 1828 φίλος
741 1743 816 1809 ἐν
856 1754 994 1821 τοῖς
1031 1740 1315 1828 μάλιστα
1352 1743 1671 1826 γενέσθαι
1708 1746 2051 1830 βασιλέως.
2113 1734 2202 1829 ἦν

181 1840 244 1910 δ’
294 1840 475 1934 αὐτῷ
506 1838 863 1927 καταγωγὴ
908 1840 1034 1961 μὲν
1067 1843 1142 1909 ἐν
1171 1854 1311 1920 τοῖς
1346 1837 1822 1932 Ἀντιπάτρου,
1866 1842 2203 1928 πρόσοδος

182 1939 256 2009 δὲ
286 1945 396 2010 καὶ
424 1941 760 2029 συνήθεια
797 1937 967 2028 πρὸς
1012 1937 1135 2008 τὸν
1171 1934 1646 2026 Ἀλέξανδρον·
1703 1940 2028 2031 Ἀρχελάου
2071 1938 2200 2028 γὰρ

183 2045 412 2128 ἔλεγεν
445 2037 614 2108 εἶναι
643 2066 734 2107 τω
762 2038 1169 2108 Καππάδοκι
1202 2038 1318 2107 δια
1351 2043 1709 2162 σπουδῆς.
1737 2038 1907 2108 ὅθεν
1936 2043 2048 2109 καὶ
2078 2039 2203 2126 τὴν

182 2138 558 2227 Γλαφύραν
584 2136 989 2227 υπεκρίνατο
1020 2147 1257 2227 τιμᾶν,
1289 2141 1400 2208 καὶ
1426 2137 1637 2220 πολὺς
1664 2131 1752 2225 ἦν
1781 2137 2057 2226 ἆφανως
2079 2141 2204 2226 μὲν

92 2270 151 2310 2⁰
185 2236 744 2327 ἐκθεραπεύων”
699 2263 1029 2324 απαντας,
1073 2236 1176 2306 ἀεὶ
1207 2239 1284 2305 δὲ
1310 2251 1448 2318 τοῖς
1474 2233 1984 2325 λαλουμένοις”
1940 2265 1982 2356 η
2015 2263 2205 2323 γινο-

181 2339 412 2426 μένοις
439 2340 822 2425 προσέχων,
854 2363 943 2416 ως
973 2339 1039 2418 ἐξ
1076 2332 1306 2406 αὐτων
1335 2333 1875 2426 ἀντιχαρίζεσθαι
1907 2335 2024 2417 τὰς
2053 2340 2205 2404 δια-

182 2437 408 2525 βολάς.
467 2438 654 2517 τέλος
700 2438 774 2505 δὲ
825 2442 1128 2517 τοιοῦτος
1177 2436 1436 2528 ἑκάστω
1483 2435 1648 2505 κατᾶ
1688 2437 1804 2518 τὰς
1846 2442 2207 2524 συντυχίας

181 2536 548 2627 ἀπέβαινεν
590 2566 683 2619 ως
724 2519 958 2630 ἐκείνω
1004 2539 1129 2625 μὲν
1159 2535 1332 2607 εἶναι
1385 2544 1618 2626 φίλος,
1666 2554 1805 2620 τοῖς
1851 2542 1925 2608 δὲ
1979 2537 2206 2619 άλλοις

183 2642 413 2706 δοκεῖν
455 2635 622 2707 κατὰ
662 2635 736 2705 τὰ
786 2641 1142 2726 συμφέρον
1185 2639 1422 2729 ἐκείνω
1460 2642 1833 2726 προσιέναι.
1911 2638 2035 2706 τὸν
2075 2664 2206 2706 ουν

92 2766 150 2808 25
178 2734 622 2822 Ἀλέξανδρον
649 2738 1148 2823 προσεκτήσατο
1179 2738 1341 2805 νέον
1373 2762 1570 2826 οντα,
1598 2738 1710 2805 καὶ
1737 2738 1891 2822 περὶ
1922 2762 2021 2804 ων
2049 2737 2206 2805 ἐπε-
2267 2809 2284 2820 5

183 2836 433 2907 πόνθει
455 2836 693 2922 μηδενὶ
719 2837 866 2924 μέν,
894 2834 1063 2924 πρὸς
1093 2839 1355 2905 ἐκεῖνον
1384 2835 1459 2906 δὲ
1488 2837 1705 2925 μόνον
1733 2834 1948 2916 ἀδεως
1969 2860 2204 2905 πεπει-

180 2941 433 3027 σμένον
461 2938 705 3018 ἐξεῖναι
736 2939 992 3022 λέγειν·
1059 2938 1417 3024 ἐνέφαινεν
1461 2930 1591 3005 οὖν
1625 2934 2003 3023 ἀχθόμενος
2045 2963 2135 3016 ως
2164 2931 2201 3005 6
2239 3022 2246 3030 .

183 3035 401 3124 πατὴρ
431 3032 874 3133 ἠλλοτρίωτο,
908 3037 1019 3105 καὶ
1045 3032 1127 3103 τὰ
1155 3037 1309 3123 περὶ
1337 3034 1464 3122 τὴν
1492 3036 1743 3155 μητέρα
1772 3039 2062 3123 διηγεῖτο
2093 3036 2207 3103 καὶ

182 3131 305 3201 τὸν
336 3132 804 3221 Ἀντίπατρον,
848 3131 954 3203 ὅτι
1001 3133 1541 3222 παρωθούμενος
1583 3130 1835 3227 αὐτοὺς
1865 3139 1981 3220 τῆς
2014 3138 2208 3219 τιμῆς

93 3262 152 3305 ω
185 3229 269 3301 τὰ
297 3235 515 3303 πάντα
543 3231 679 3325 ἤδη
713 3232 1018 3303 δύναται.
1087 3235 1351 3302 τούτων
1380 3234 1456 3302 δὲ
1484 3229 1772 3303 ἀνεκτὸν
1813 3215 2019 3300 οὐδὲν
2052 3234 2206 3319 ἔφη,

183 3336 807 3419 κατεσκευασμένου
866 3329 1036 3420 πρὸς
1095 3345 1289 3419 μῖσος
1341 3329 1470 3418 ηδη
1521 3335 1648 3398 τοῦ
1698 3329 1983 3417 πατρός,
2040 3330 2210 3417 μηδὲ

185 3436 589 3517 συμποσίοις
620 3433 787 3520 μηδὲ
829 3433 1190 3519 συλλόγοις
1231 3428 1594 3516 ἀνέχεσθαι
1634 3430 1874 3519 λέγων.
1931 3435 2208 3496 τοιαῦτα
