2500 3882
738 144 1684 205 ΤΕΣΣΑΡΕΣΚΑΙΔΕΚΑΤΗ
2084 144 2206 207 257

210 312 464 398 αὐτοὺς
489 321 606 406 τῆς
635 313 856 405 χώρας
880 317 1081 406 μέρος
1122 342 1186 386 τι
1220 324 1457 405 λαβεῖν
1486 312 1522 387 ὁ
1548 313 1952 406 Ἀντίγονος·
2006 328 2202 409 Δρυ-

209 422 328 509 μοὶ
354 420 431 489 δὲ
456 415 530 489 τὰ
557 426 808 508 χωρίον
842 429 1156 494 καλεῖται.
1237 420 1349 489 καὶ
1395 426 1603 494 τινών
1643 417 2202 496 ὑπαντιασάντων

212 519 467 608 αὐτοῖς,
524 527 1034 596 διεκπίπτουσιν
1088 527 1183 603 εἰς
1228 516 1655 611 Ἱεροσόλυμα
1698 529 1772 593 οἱ
1818 520 2194 624 ἅνθρωποι.

211 627 773 715 προσγενομένων
800 627 876 697 δὲ
901 631 1142 712 τινών,
1187 627 1425 696 πολλοὶ
1452 615 1946 717 σ’ὗστραφέντες
1981 623 2089 697 ἐπι
2116 627 2218 698 τὰ

143 754 176 797 5
213 717 578 816 fioedlkeca‘
533 754 702 815 ηκον
714 730 828 797 καὶ
844 734 1052 798 ταῦτα
1066 727 1546 817 ἐπολιόρκουνι·
1578 729 2197 861 προσβοηθούντων
2262 735 2277 791 ι’

209 831 288 900 δὲ
323 838 459 901 τῶν
464 833 641 921 περὶ
669 831 1046 922 Φασάηλον.
1054 832 1168 900 καὶ
1184 826 1511 922 Ηρώδην,
1541 833 1654 902 καὶ
1678 834 1887 929 μάχης
1914 836 2195 922 γενομέ-

209 962 331 1021 νης
372 932 541 1004 κατὰ
566 933 688 1022 τὴν
716 923 1003 1025 άγοράυ,
1044 939 1328 1004 νικωσιν
1356 940 1427 1005 oc
1444 944 1786 1006 νεανίσκοι
1813 935 1968 1016 τοὺς
1992 945 2195 1013 πολε-

209 1043 439 1124 μίους,
483 1038 596 1105 καὶ
629 1037 1117 1121 συνδιώξαντες
1144 1043 1238 1118 εἰς
1278 1035 1349 1106 τὸ
1384 1037 1569 1129 ἱερὸν
1595 1038 1974 1134 πέμπουσιν
1999 1035 2194 1109 οπλί-

210 1167 327 1219 τας
351 1138 535 1220 τινὰς
563 1145 656 1220 εἰς
695 1169 809 1221 τας
837 1147 1119 1228 πλησίον
1136 1145 1389 1264 οἰκίας,
1432 1141 1937 1236 φρουρήσοντας
1964 1139 2191 1229 αὐτάς,

120 1263 176 1303 1⁰
212 1237 345 1340 οὓς
372 1241 746 1324 ἐπαναστὰς
788 1239 823 1312 ὁ
868 1249 1076 1331 δῆμος
1119 1242 1486 1331 συμμάχων
1525 1271 1722 1324 οντας
1749 1243 2040 1332 ἐρήμους
2062 1244 2194 1315 σὺν
2236 1308 2268 1337 ,-

102 1413 110 1428 ,
206 1341 435 1426 αυτοῖς
467 1355 674 1426 οἴκοις
713 1348 1146 1435 κατέπρησεν.
1228 1341 1400 1435 ὑπὲρ
1440 1346 1565 1434 μὲν
1605 1337 1731 1416 οὖν
1771 1337 1887 1435 τῆς
1930 1342 2192 1429 ἀδικίας

205 1447 453 1552 ταύτης
479 1444 805 1538 Ἡρώδης
814 1445 959 1536 μετ’
1009 1445 1239 1534 ὀλίγον
1267 1456 1600 1538 τιμωρίαν
1618 1448 1799 1539 παρὰ
1838 1476 1984 1518 των
2001 1445 2189 1518 άντι-

207 1556 592 1628 στασιωτῶν
616 1550 992 1646 λαμβάνει,
1034 1548 1400 1639 συμβαλων
1436 1547 1667 1632 αὐτοῖς
1708 1560 1801 1634 εἰς
1826 1551 2052 1642 μάχηνΙ
2075 1551 2188 1634 καὶ

206 1651 499 1733 πολλοὺς
539 1650 766 1728 αὐτῶν
803 1650 1235 1734 ἀποκτείνας·
1310 1657 1702 1744 γινομένων
1742 1657 1817 1727 δὲ
1863 1652 2187 1744 ὁσημέραι
2221 1670 2257 1724 4

104 1787 170 1828 ,ιε
206 1752 718 1847 ἀκροβολισμῶν
746 1755 1010 1843 αὐτοῖς,
1052 1755 1381 1845 ἀνέμενον
1408 1764 1480 1829 οί
1496 1749 1799 1847 πολέμιοι
1824 1756 1944 1830 τὸν
1971 1762 2044 1828 ἐκ
2074 1766 2188 1847 τῆς

202 1857 665 1950 χώραςὸχλον
706 1867 800 1941 εἰς
821 1858 971 1950 τὴν
1014 1863 1440 1952 καλουμένην
1481 1862 1936 1952 πεντηκοστήν
1964 1860 2184 1953 (ἑορτὴ

204 1960 267 2032 δ’
301 1967 481 2035 ἐστὶν
488 1960 705 2053 αυτη)
745 1944 1072 2053 μέλλοντα
1114 1959 1317 2053 ηξειν.
1401 1971 1536 2054 τῆς
1557 1963 1621 2036 δ’
1666 1962 1912 2056 ἡμέρας
1948 1962 2184 2035 ἐνστά-

203 2087 320 2154 σης
369 2052 613 2165 πολλαὶ
640 2070 810 2157 περὶ
848 2064 921 2137 τὸ
968 2064 1153 2156 ἱερὸν
1206 2065 1635 2156 ἀθροίζονται
1685 2068 2008 2157 μυριάδες
2060 2065 2183 2138 ἆν-

202 2170 504 2259 θρώπων
526 2146 971 2259 ωπλισμένων
998 2197 1069 2240 τε
1108 2171 1220 2238 καὶ
1252 2165 1587 2241 ἀνόπλων.
1671 2184 1976 2258 κατεῖχον
2004 2170 2078 2238 δε
2108 2170 2181 2240 τὸ

111 2298 171 2341 20
205 2271 407 2361 ἱερὸν
430 2275 546 2365 καὶ
583 2270 707 2361 τὴν
751 2273 950 2343 πόλιν
987 2277 1060 2343 οἰ
1094 2272 1453 2361 παρόντες,
1502 2271 1679 2362 πλὴν
1716 2302 1853 2343 των
1907 2274 2061 2363 περὶ
2102 2272 2184 2342 τὰ

199 2383 507 2469 βασίλεια
527 2398 541 2413 ·
596 2380 805 2446 ταῦτα
843 2374 972 2465 γὰρ
1010 2399 1144 2455 ,συν
1184 2372 1438 2465 ὀλίγοις
1473 2376 1906 2465 ιστρατιώταις
1935 2380 2180 2464 οἱπερὶ

189 2475 498 2570 Ἡρώδην
525 2479 927 2569 ἐφρούρουν.
984 2478 1334 2567 Φασάηλος
1357 2479 1482 2568 μὲν
1511 2470 1639 2559 οὖν
1664 2478 1737 2549 τὸ
1769 2494 1979 2569 τεῖχος
2007 2480 2179 2568 ἐφύ-

192 2591 480 2668 λασσεν,
498 2577 801 2672 Ἡρώδης
836 2582 912 2651 δὲ
942 2581 1142 2671 λόχον
1169 2588 1341 2669 ἔχων
1361 2586 1646 2666 ἐπέξεισι
1676 2599 1814 2663 τοῖς
1839 2590 2178 2671 πολεμίοις

196 2711 368 2753 κατα
403 2683 478 2753 τὸ
506 2683 922 2773 προάστειον,
951 2688 1065 2754 καὶ
1090 2690 1427 2774 καρτερῶς
1456 2686 1905 2775 μαχεσάμενος
1932 2686 2179 2767 πολλάς
2257 2716 2264 2723 ·

0 2806 7 2814 “
106 2802 162 2859 25
200 2793 320 2877 [τε]
348 2785 682 2876 μυριάδας
718 2788 977 2878 τρέπει,
1015 2815 1153 2858 των
1186 2787 1312 2875 μὲν
1353 2794 1448 2869 είς
1482 2816 1607 2877 την
1649 2789 1850 2861 πόλιν
1878 2787 2180 2876 φευγόν-

191 2919 331 2961 των
369 2912 529 2960 των
549 2890 624 2960 δὲ
669 2896 762 2971 εἰς
800 2888 874 2960 τὸ
903 2890 1119 2980 ἱερόν,
1165 2896 1305 2960 ἔστι
1344 2887 1409 2961 δ’
1460 2920 1559 2961 ων
1573 2898 1690 2973 εἰς
1715 2888 1787 2960 τὸ
1818 2892 1941 2972 ἔξω
1968 2890 2177 2977 χαρά-

188 3017 413 3084 κωμα·
471 2983 558 3082 ἦν
592 2992 720 3084 γάρ
756 3021 820 3063 τι
862 2989 1128 3065 αυτόθι
1207 2994 1623 3084 παρεβοήθει
1659 2995 1735 3065 δὲ
1761 2994 1874 3062 καὶ
1904 2992 2176 3080 Φασάη-

190 3105 324 3177 λος.
394 3097 706 3187 Πάκορος
745 3097 823 3167 δὲ
870 3125 908 3167 ο
945 3095 1252 3186 Πάρθων
1288 3096 1656 3224 στρατηγὸς
1693 3118 1825 3166 συν
1860 3099 2176 3165 ἱππεῦσιν

189 3194 440 3287 ὀλίγοις
474 3198 865 3295 Ἀντιγόνου
921 3200 1283 3289 δεηθέντος
1340 3203 1432 3283 είς
1485 3199 1609 3288 τὴν
1645 3199 1845 3270 πόλιν
1890 3205 2170 3286 ἔρχεται,

101 3329 157 3373 ao
191 3300 371 3393 λόγω
388 3300 572 3389 μὲν’
525 3331 614 3385 ως
638 3302 1090 3373 καταπαυσων
1116 3300 1240 3389 τὴν
1266 3300 1522 3389 στάσιν,
1549 3300 1625 3371 τὸ
1646 3299 1703 3371 δ’
1738 3299 1986 3389 ἀληθὲς
1998 3321 2172 3391 συμ-

187 3402 461 3494 πράξων
505 3409 741 3498 ἐκείνω
784 3402 908 3494 ’τὴν
935 3400 1164 3495 ἀρχήν.
1245 3401 1607 3494 Φασαηλου
1636 3400 1702 3472 δ’
1741 3400 2171 3493 υπαντήσαν-

185 3536 298 3591 τος
337 3508 467 3581 καὶ
486 3511 857 3598 δεξαμένου
883 3511 1103 3601 ξενία,
1145 3505 1474 3599 Πάκορος
1494 3512 1720 3581 πείθει
1747 3506 2168 3595 πρεσβεύσω·-

208 3640 219 3645 ·
311 3640 573 3686 manta.
618 3643 722 3687 111.
1729 3620 1805 3679 17
1897 3646 1912 3653 ·
