2500 3882
982 114 1464 175 ΔΩΔΕΚΑΤΗ
2135 114 2214 176 87

212 272 547 374 σομένους
559 280 769 355 αὐτὸν
784 289 917 373 ἔχει
935 289 1199 374 δοῦναι,
1215 284 1485 378 σφόδρα
1496 283 1770 371 άστείως
1784 283 2209 378 ἀπεκρίνατο.

201 382 487 458 “daiam''
519 386 649 477 γὰρ
679 386 867 457 εἶπεν
878 383 912 410 “
922 385 1333 476 ἀνθρώπους
1377 387 1683 478 ἀγαθούς
1705 418 1776 461 τε
1801 393 1915 461 καὶ
1939 390 2208 478 καλούς,

215 486 318 573 οἷς
349 485 482 560 οὐκ
510 486 959 580 άπιστήσετε.”
1040 494 1265 580 λέγειν
1305 492 1380 562 δὲ
1419 493 1704 575 τούτους
1744 496 2011 574 οἵτινές
2039 499 2212 564 εἰσιν

217 593 549 679 εἰπόντος,
569 589 869 663 “αύτο’ν”
903 591 1113 682 εἶπεν,
1133 584 1236 664 “ώ
1262 603 1565 684 βασιλεῦ,
1593 600 1676 667 σέ
1696 623 1768 666 τε
1796 598 1910 666 καὶ
1935 593 2058 684 τὴν
2085 624 2213 686 γυ-

155 725 183 765 5
215 712 422 767 ναῖκα
466 695 591 784 τὴν
631 694 761 785 σὴν
801 692 974 783 ὑπὲρ
1019 699 1339 787 ἑκατέρου
1380 700 1626 788 μέρους
1678 701 2215 788 ἐγγυησομένους

217 805 477 887 δίδωμί
509 796 673 868 σοι.”
757 799 1039 887 γελάσας
1080 796 1146 871 δ’
1189 797 1226 870 ὅ
1275 808 1702 890 Πτολεμαῖος
1742 801 2213 893 συνεχώρησεν

218 900 405 995 αὐτῷ
450 906 601 988 δίχα
641 908 778 971 τῶν
821 898 1335 991 ὁμολογούντων
1393 908 1582 993 ἔχειτί
1628 903 1709 975 τὰ
1750 906 1944 994 τέλη.’
2013 911 2212 974 τοῦτο

220 1005 492 1094 σφόδρα
518 1003 677 1085 τούς
705 1002 836 1074 ἀπὸ
867 1012 1005 1074 τῶν
1030 1007 1295 1076 πόλεων
1325 1013 1420 1088 είς
1446 1006 1570 1096 τὴν
1587 1017 1938 1095 Αἴγυπτον
1965 1007 2212 1077 ἐλθόν-

220 1136 339 1189 τας
367 1106 703 1196 ἐλύπησεν
738 1104 828 1188 ῶς
852 1112 1582 1199 παρευδοκιμηθέντας.

142 1239 189 1280 ιο
361 1210 476 1280 καὶ
503 1217 576 1280 οἳ
593 1211 718 1309 μκὲν
747 1213 1085 1300 ἐπανῆκον
1114 1218 1208 1295 εἰς
1246 1211 1364 1295 τὰς
1402 1218 1650 1293 οἰκείας
1676 1215 1940 1285 ἔκαστοι
1974 1218 2214 1301 πατρί-

214 1319 347 1405 βας
370 1309 518 1402 μετ’
551 1312 907 1402 αἰσχύνης,
948 1310 985 1384 ὃ
1024 1314 1100 1385 δὲ
1123 1313 1437 1404 Ἰώσηπος
1475 1312 1703 1403 λαβῶν
1736 1313 1915 1402 παρὰ
1940 1320 2061 1383 τοῦ
2088 1320 2215 1401 βα·
2249 1344 2284 1396 5

222 1418 463 1496 σιλέως
500 1423 716 1500 πεζῶν
757 1423 1184 1505 στρατιωτῶν
1214 1422 1583 1505 δισχιλίους
1614 1414 1883 1506 (ἠξίωσε
1910 1415 2038 1505 γάρ
2066 1443 2215 1484 τινα

224 1519 555 1609 βοήθειαν
575 1526 829 1607 λαβεῖν,
848 1525 963 1591 ἵνα
989 1518 1146 1602 τούς
1168 1523 1243 1591 ἐν
1269 1536 1413 1601 ταῖς
1440 1520 1670 1595 πόλεσι
1699 1525 2215 1609 καταφρονοῦν-

222 1649 342 1704 τας
368 1628 483 1711 ἔχῃ
511 1623 922 1710 βιάζεσθαι),
964 1624 1077 1693 καὶ
1125 1623 1603 1713 δανεισάμενος
1641 1627 1715 1693 ἐν
1748 1620 2215 1715 Ἀλεξανδρεία

144 1747 189 1791 1¹⁸
223 1722 407 1815 παρᾲ
445 1730 582 1794 τῶν
623 1731 747 1794 τοῦ
784 1729 1108 1813 βασιλέως
1164 1734 1389 1815 φίλων
1446 1727 1735 1796 τάλαντα
1788 1724 2212 1811 πεντακόσια,

221 1834 316 1910 εἰς
344 1833 616 1917 Συρίαν
642 1826 995 1917 ἐξώρμησε.
1042 1878 1045 1881 -
1077 1829 1438 1918 γενόμενος
1480 1829 1555 1899 δὲ
1593 1832 1668 1899 ἐν
1688 1826 2057 1899 Ἀσκάλωνι
2101 1827 2216 1896 καὶ

219 1928 380 2013 τούς
417 1929 673 2019 φόρους
711 1927 1013 2002 ἆπαιτῶν
1050 1930 1208 2015 τοὺς
1239 1929 1762 2021 Ἀσκαλωνίτας,
1818 1933 1962 2003 ἐπεὶ
2002 1929 2242 2020 μηδὲν

219 2034 584 2123 ἐβούλοντο
631 2033 896 2104 διδόναι
936 2032 1106 2107 ἀλλὰ
1144 2038 1262 2105 καὶ
1317 2034 1800 2124 προσύβριζον,
1856 2030 2216 2120 συλλαβῶν

224 2133 455 2207 αὐτῶν
481 2135 640 2217 τοὺς
668 2137 1137 2226 πρωτεύοντας
1178 2132 1269 2217 ῶς
1297 2146 1506 2206 εἴκοσι
1538 2133 1919 2223 ἀπέκτεινε,
1958 2136 2071 2204 καὶ
2098 2132 2215 2215 τὰς

141 2267 195 2308 20
225 2236 459 2321 οὐσίας
500 2235 729 2309 αὐτῶν
770 2245 864 2321 εἰς
903 2245 1084 2327 χίλια
1121 2239 1413 2310 τάλαντα
1447 2234 1933 2330 ἀθροισθείσας
1962 2243 2216 2325 ἔπεμψε

219 2351 313 2435 τῷ
339 2350 624 2432 βασιλεῖ,
663 2347 891 2430 δηλῶν
915 2337 1100 2435 αὐτῷ
1122 2344 1242 2413 καὶ
1270 2340 1349 2412 τὰ
1369 2343 1803 2431 γεγενημένα.
1857 2340 2215 2434 θαυμάσας

221 2443 288 2516 δ’
336 2442 551 2516 αὐτὸν
588 2442 625 2514 ὁ
665 2452 1078 2533 Πτολεμαῖος
1118 2451 1240 2515 τοῦ
1285 2444 1709 2535 φρονήματος
1758 2447 1871 2514 καὶ
1908 2449 2047 2514 τῶν
2083 2471 2212 2536 ἱπε-

221 2549 628 2637 πραγμένων
655 2549 1008 2628 ἐπαινέσας
1047 2545 1258 2622 αὐτόν
1276 2602 1295 2636 ,
1325 2552 1597 2638 ἐφίησιν
1622 2544 1806 2641 αὐτῷ
1832 2561 2055 2618 ποιεῖν
2085 2542 2132 2616 ὅ
2151 2574 2214 2615 τι

225 2649 559 2739 βούλεται.
632 2645 822 2720 τοῦτ’
865 2646 1270 2733 ἀκούσαντες
1312 2656 1385 2721 οἰ
1418 2651 1639 2741 Σύροι
1677 2649 2210 2738 κατεπλάγησαν,

140 2776 194 2820 ²5
227 2755 344 2822 καὶ
382 2751 803 2842 παράδειγμα
843 2758 957 2841 τῆς
1000 2749 1354 2834 ἀπειθείας
1399 2752 1690 2841 χαλεπὸν
1746 2760 2005 2841 ἔχοντες
2055 2747 2216 2831 τούς

221 2862 361 2925 τῶν
405 2852 910 2926 Ἀσκαλωνιτῶν
962 2853 1213 2947 ἄνδρας
1280 2851 1774 2946 ἀνῃρημένους,
1831 2851 2215 2939 ἀνοίγοντες

219 2955 338 3039 τὰς
375 2957 594 3040 πύλας
635 2959 942 3047 ἐδέχοντο
981 2956 1353 3047 προθύμως
1397 2956 1515 3026 τὸν
1547 2954 1865 3045 Ἰώσηπον
1902 2954 2015 3023 καὶ
2055 2952 2211 3036 τούς

221 3061 479 3150 φόρους
507 3062 801 3131 ἐτέλουν.
869 3061 1389 3151 ἐπιχειρούντων
1418 3059 1493 3129 δὲ
1528 3060 1642 3129 καὶ
1670 3063 2210 3128 Σκυθοπολιτῶν

30 3233 31 3244 ,
221 3160 526 3251 ὑβρίζειν
580 3159 792 3233 αὐτὸν
843 3164 959 3233 καὶ
1005 3163 1095 3252 μὴ
1138 3164 1452 3253 παρέχειν
1510 3159 1669 3242 τοὺς
1718 3157 1975 3249 φόρους
2029 3157 2212 3255 αὐτῷ

30 3289 31 3310 ³
149 3293 197 3336 a
224 3262 345 3362 οὓς
368 3266 586 3355 μηδὲν
623 3263 1206 3355 ἀμφισβητοῦντες
1247 3267 1547 3351 ἐτέλουν,
1589 3265 1704 3334 καὶ
1739 3260 1998 3333 τούτων
2042 3261 2212 3333 ἄπο-

227 3377 492 3450 κτείνας
533 3366 692 3449 τοὺς
729 3368 1032 3456 πρώτους
1069 3368 1187 3449 τὰς
1223 3364 1457 3449 οὐσίας
1489 3364 1716 3436 αὐτῶν
1744 3362 2089 3437 ἀπέστειλε
2119 3371 2211 3456 τῷ

229 3479 508 3561 βασιλεῖ.
594 3469 1001 3562 συναγαγῶν
1056 3470 1133 3543 δὲ
1178 3468 1393 3542 πολλὰ
1442 3470 1773 3562 χρήματα,
1836 3470 1967 3541 καὶ·
2005 3469 2210 3556 κέρδη
