2500 3882
260 183 340 243 20
931 180 1585 240 ΑΡΧΑΙΟΛΟΓΙΑΣ

261 354 488 426 λεύειν
513 351 848 441 ἐκγόνους.
906 350 1034 442 πρὸ
1069 352 1192 441 μὲν
1220 349 1348 441 γὰρ
1376 357 1492 441 τῆς
1523 357 1969 441 αἰχμαλωσίας
2005 354 2120 421 καὶ
2147 357 2263 441 τῆς

254 456 685 537 ἀναστάσεως
724 454 1194 544 ἐβασιλεύοντο
1235 451 1366 524 άπὸ
1406 456 1724 525 Σαούλου
1754 461 2036 547 πρῶτον
2059 453 2257 545 ἀρξα-

264 565 472 653 μένου
513 563 626 629 καὶ
670 564 1021 643 Δαυίδου,
1078 559 1186 626 ἐπὶ
1243 563 1356 646 ἔτη
1403 559 1809 629 πεντακόσια
1853 570 2062 629 εἴκοσι
2118 558 2261 644 δύο,

265 671 476 756 μῆνας
508 667 610 749 ἕξ,
650 659 896 751 ἡμέρας
933 662 1128 730 δέκα·
1192 660 1322 749 πρὸ
1366 661 1437 731 δε
1466 667 1602 731 τῶν
1643 666 1979 749 βασιλέων
2006 662 2263 732 τούτων

263 768 577 859 ἄρχοντες
621 763 863 843 αὐτοὺς
905 770 1168 833 διεῖπον
1213 768 1281 833 οἱ
1332 764 1984 855 προσαγορευόμενοι
2044 766 2264 856 κριταὶ
2297 782 2324 821 5

264 874 375 941 καὶ
426 870 783 958 μόναρχοι,
837 870 949 936 καὶ
999 870 1239 936 τοῦτον
1294 866 1793 956 πολιτευόμενοι
1847 866 1966 938 τὸν
2014 869 2266 959 τρόπον
2349 896 2354 901 ·

265 982 438 1044 ἔτεσι
476 978 777 1041 πλείοσιν
815 966 856 1060 ἢ
901 977 1361 1052 πεντακοσίοις
1404 971 1727 1060 διήγαγον
1765 970 1927 1060 μετὰ
1956 977 2269 1059 Μωϋσῆν

265 1074 699 1148 ἀποθανόντα
728 1076 843 1144 καὶ
861 1071 1115 1162 Ἰησοῖῦν
1143 1070 1262 1143 τὸν
1290 1074 1679 1164 στρατηγόν.

421 1180 533 1247 καὶ
562 1176 643 1246 τά
662 1178 786 1266 μὲν
813 1181 966 1268 περὶ
1000 1182 1138 1245 τῶν
1164 1174 1659 1261 ἀνασωθέντων
1678 1179 1760 1245 ἐκ
1784 1181 1899 1266 τῆς
1929 1181 2262 1264 αἰχμαλω-

268 1290 415 1362 σίας
445 1279 791 1352 Ἰουδαίων
827 1283 901 1352 ἐν
937 1296 1074 1359 τοῖς
1113 1280 1350 1372 Κύρου
1384 1283 1497 1350 καὶ
1546 1274 1846 1370 Δαρείου
1884 1279 2148 1368 χρόνοις
2190 1280 2268 1346 ἐν’
2305 1308 2355 1349 ιο

210 1414 243 1468 9
273 1384 530 1464 τούτοις
572 1380 904 1474 ὑπῆρχεν·
971 1388 1038 1453 οἰ
1082 1383 1157 1452 δὲ
1201 1394 1543 1475 Σαμαρεῖς
1583 1381 1897 1472 ἀπεχθῶς
1934 1379 2096 1472 πρρς
2142 1377 2264 1450 αύ-

274 1487 431 1568 τούς
471 1489 583 1557 καὶ
625 1486 977 1574 βασκάνως
1018 1492 1430 1576 διακείμενοι
1475 1486 1686 1559 πολλὰ
1713 1484 1885 1556 κακοὶ
1918 1483 2070 1566 τούς
2103 1482 2266 1554 Ἰου-

272 1596 503 1670 δαίους
547 1588 976 1677 εἰργάσαντο,
1019 1590 1286 1683 πλούτῳ
1323 1616 1396 1658 τε
1437 1590 1837 1671 πεποιθότες
1871 1591 1984 1659 καὶ
2025 1589 2267 1676 συγγέ-

267 1721 459 1764 νειαν
486 1691 1050 1782 προσποιούμενοι
1091 1700 1229 1762 τῶν
1256 1697 1573 1783 Περσῶν,
1605 1693 1963 1783 ἐπειδήπερ
2001 1697 2271 1762 ἐκεῖθεν

265 1787 461 1886 ἦσαν.
514 1792 637 1865 ὅσα
663 1822 734 1864 τε
766 1792 892 1885 γὰρ
921 1796 1419 1885 ἐκελεύσθησαν
1447 1799 1519 1865 ἐκ
1556 1803 1710 1870 τῶν,
1728 1796 1962 1887 φόρων
1987 1791 2120 1865 ὖπό
2148 1799 2269 1864 τοῦ
2309 1814 2360 1855 15

267 1899 594 1989 βασιλέως
622 1903 717 1979 εἰς
743 1895 859 1978 τὰς
879 1905 1127 1980 θυσίας
1151 1909 1372 1970 τελεῖν
1397 1916 1535 1980 τοῖς
1553 1896 1925 1994 Ἰουδαίοις,
1957 1902 2273 1988 παρέχειν

268 2030 393 2073 ουκ
441 1998 728 2092 ἤθελον,
783 2000 939 2082 τούς
993 2029 1066 2071 τε
1120 2005 1450 2091 ἐπάρχους
1499 2004 1993 2088 σπουδάζοντας
2045 2000 2275 2081 αὐτοῖς

269 2104 437 2196 πρὸς
471 2111 666 2174 τοῦτο
702 2107 812 2174 καὶ
853 2111 1348 2229 συνεργοῦντας
1380 2105 1593 2194 εἶχον,
1633 2104 1802 2178 άλλα
1840 2134 1910 2175 τε
1952 2102 2074 2175 οσα
2106 2104 2269 2193 βλά-

271 2229 465 2281 πτειν
504 2204 545 2298 ἧ
535 2202 679 2277 δι’
734 2236 992 2278 εαυτων
1016 2204 1077 2296 ἢ
1106 2207 1199 2279 δι’
1248 2211 1496 2304 ἑτέρων
1535 2206 1872 2299 ἠδύναντο
1917 2237 2072 2290 τους
2105 2206 2269 2278 'Iov-

273 2318 507 2391 δαίους
544 2308 668 2380 οὐκ
718 2307 1098 2381 ἀπώκνουν.
1189 2314 1417 2393 ἔδοξεν
1481 2303 1607 2380 οὖν
1659 2313 2268 2400 πρεσβευσαμένοις
2305 2340 2363 2379 20

267 2430 407 2494 τοῖς
421 2409 972 2503 Ιεροσολυμίταις
1009 2412 1174 2504 πρὸς
1201 2412 1321 2483 τὸν
1354 2416 1631 2501 βασιλέα
1656 2424 1976 2501 Δαρεῖον
1980 2440 2262 2502 κατηγο-

272 2522 468 2605 ρῆσαι
498 2521 636 2584 τῶν
662 2523 1123 2606 Σαμαρειτῶν.
1183 2517 1296 2585 καὶ
1326 2515 1772 2606 πρεσβεύουσι
1801 2513 2269 2604 Ζοροβάβηλος

273 2620 386 2689 καὶ
425 2617 614 2689 ἄλλοι
652 2624 790 2687 τῶν
814 2617 1156 2710 ἀρχόντων
1177 2621 1511 2707 τέσσαρες.
1565 2614 1657 2718 Ιῶς
1685 2618 1759 2688 δὲ
1782 2615 1866 2687 τὰ
1892 2614 2269 2707 ἐγκλήματα

187 2791 194 2797 ,
272 2724 385 2793 καὶ
435 2712 557 2801 τὰς’
599 2726 845 2809 αἰτίας,
902 2719 981 2803 ἃς
1028 2719 1194 2791 κατὰ
1247 2725 1385 2790 τῶν
1418 2726 1864 2813 Σαμαρειτῶν
1914 2724 2269 2809 ἐπέφερον,

154 2847 170 2858 ’
208 2855 217 2862 ·
274 2834 451 2916 ἔγνω
476 2821 658 2916 ’παρὰ
691 2831 830 2894 τῶν
860 2828 1210 2915 πρέσβεων
1235 2820 1272 2894 ὁ
1300 2824 1649 2913 βασιλεύς,
1683 2822 1842 2905 δούς
1870 2822 2096 2904 αὐτοῖς
2125 2826 2268 2893 ἐπι-
2310 2851 2368 2890 25

274 2927 523 3020 στολὴν
548 2934 838 3017 κομίζειν
873 2923 1040 3017 πρὸς
1067 2926 1223 3009 τοὺς
1252 2925 1580 3016 ἐπάρχους
1607 2933 1724 3018 τῆς
1749 2935 2135 3019 Σαμαρείας
2160 2929 2274 2996 καὶ

273 3030 395 3118 τὴν
443 3030 700 3121 βουλὴν
746 3028 1116 3120 ἀπέπεμψε.
1193 3030 1274 3102 τὰ
1316 3032 1392 3101 δὲ
1429 3034 1857 3121 γεγραμμένα
1900 3022 1986 3120 ἦν
2026 3031 2274 3101 τοιάδε.

265 3128 623 3220 “βασιλευς
668 3144 955 3224 Δαρεῖος
1009 3139 1321 3227 Ταγγανᾷ
1364 3137 1475 3208 καὶ
1497 3140 1874 3227 Σαμβαβᾷ
1896 3150 2033 3215 τοῖς
2051 3134 2273 3224 ἐπάρ-

273 3257 413 3321 χοις
443 3243 917 3323 Σαμαρειτων,
953 3237 1277 3328 Σαδράκῃ
1305 3239 1419 3307 καὶ
1444 3237 1797 3327 Βοβήλωνι
1827 3240 1938 3310 καὶ
1967 3253 2105 3318 τοῖς
2132 3246 2273 3307 λοι-

275 3350 425 3418 ποις
464 3337 860 3420 συνδούλοις
894 3338 1120 3410 αὐτῶν
1154 3357 1311 3422 τοῖς.
1331 3343 1406 3411 ἐν
1450 3349 1820 3434 Σαμαρεία.
1883 3335 2271 3431 Ζοροβάβη-
2311 3369 2366 3410 30

274 3446 388 3516 λος
409 3432 551 3505 καὶ’
541 3445 840 3520 Ανανίας
864 3445 976 3512 καὶ
999 3450 1453 3534 Μαρδοχαῖος,
1474 3441 1822 3516 Ἰουδαίων
1843 3448 2274 3569 πρεσβευταί,

270 3536 555 3626 ᾐτιῶντο
584 3532 756 3625 ὐμᾶς
796 3538 883 3621 ὦς
913 3548 1348 3662 ἐνοχλοῦντας
1389 3545 1616 3632 αὐτοῖς
1653 3546 1816 3641 πρὸς
1846 3546 1968 3639 τὴν
2008 3552 2272 3618 οἰκοδο-
