2500 3882
291 136 371 199 98
852 104 875 117 ‘
950 93 1623 197 ΛΡΧᾈΙοΛοΓΙΑΣ

219 346 223 352 ·
295 307 596 401 φανερὸν
652 306 826 379 εἶναι
865 309 1393 436 παρασχόμενον.
1455 307 1860 400 περιιόντων
1912 309 2046 436 μέν
2078 334 2158 396 γε
2201 312 2304 389 εἰς

236 482 241 483 ff
293 411 502 521 αυτὸν
542 417 679 499 τῶν
716 411 1125 503 πραγμάτων
1161 410 1245 481 οὗ
1281 419 1543 495 λείψειν
1581 410 1818 504 ἀρετῆς
1858 418 1981 482 τοῦ
2009 409 2299 501 ἀμειψο-

294 514 504 609 μένου
530 514 655 605 τὴν
696 542 971 585 ευνοιαν
998 511 1256 587 αὐτῶν·
1304 514 1717 586 σπουδάσειν
1745 513 1874 606 γὰρ
1916 518 1991 585 ἐν
2020 520 2185 601 πᾶσι
2214 513 2302 584 τὰ

295 618 460 712 πρὸς
486 616 732 699 αυτοῦς
758 629 1127 708 φανεῖσθαι
1167 623 1289 688 τοῦ
1318 617 1566 709 πατρὸς
1606 617 1904 707 ἀμείνων
1940 616 2020 687 τὰ
2049 618 2296 688 πάντα.

296 731 365 794 οἳ
389 725 499 809 δέ,
530 716 676 791 οἷον
703 718 895 809 ὄχλος
929 729 1147 809 φιλεῖ,
1182 721 1476 810 οἰόμενοι
1512 719 1631 803 τὰς
1657 722 1921 813 πρώτας
1960 726 2100 791 τῶν
2125 716 2294 811 ἡμε-
2323 743 2353 784 ο

299 831 441 918 ρῶν
457 823 574 904 τὰς
595 829 894 904 διανοίας
915 828 1305 913 ἐμφανίζειν
1326 829 1465 895 τῶν
1491 816 1875 916 παριόντων
1894 826 2003 893 ἐπὶ
2021 823 2301 894 τοιάσδε

295 927 522 1020 ἀρχάς,
552 924 687 1020 ὅσῳ
711 925 941 1017 πράως
964 929 1079 996 καὶ
1104 933 1612 1019 θεραπευτικῶς
1639 921 1675 998 6
1702 920 2047 1020 Ἀρχέλαος
2075 930 2299 997 διελέ-

297 1059 451 1119 γετο
478 1026 738 1114 αὐτοῖς,
775 1035 1030 1124 τοσῶδε
1063 1031 1379 1119 μειζόνως
1403 1058 1476 1100 τε
1506 1034 1825 1128 ε’χρῶντο
1830 1046 1968 1117 τοῖς
1994 1033 2303 1110 ἐπαίνοις

297 1130 553 1213 καὶτὰς
589 1132 880 1241 αἰτήσεις
908 1138 1185 1225 δωρεῶν
1224 1128 1666 1225 ἐπεφέροντο,
1709 1142 1778 1204 οἳ
1814 1116 1940 1223 μὲν
1977 1131 2303 1227 εἰσφορᾷς
2363 1214 2370 1225 ¹
2483 1178 2484 1211 2

298 1235 377 1318 ἃς
414 1220 796 1316 ἐνιαυσίους
831 1239 1104 1329 φέροιεν
1148 1241 1609 1325 ἐπικουφίζειν
1644 1243 1772 1327 βοῇ
1809 1265 2141 1329 χρωμενοι
2159 1289 2179 1323 ,
2232 1243 2305 1306 οἳ
2338 1260 2384 1301 1⁰

304 1341 378 1410 δὲ
417 1368 506 1409 αυ
539 1345 899 1429 δεσμωτῶν
939 1347 1008 1411 οἳ
1045 1335 1171 1428 ὑφ’
1207 1337 1515 1431 Ἡρώδου
1559 1328 1865 1410 ἐδέδεντο
1911 1342 2183 1423 (πολλοὶ
2224 1339 2302 1408 δε

300 1435 475 1533 ἦσαν
501 1445 615 1512 καὶ
643 1448 915 1515 πολλῶν
939 1440 1230 1534 χρόνων)
1258 1440 1621 1533 ἀπόλυσιν·
1679 1445 1807 1513 εἰσὶ
1855 1441 1929 1512 δὲ
1971 1450 2054 1512 οἳ
2071 1465 2304 1534 αρσεις

301 1551 442 1616 τῶν
469 1548 714 1630 τελῶν,
754 1540 797 1613 ἃ
825 1548 932 1614 ἐπὶ
963 1544 1290 1636 πράσεσιν
1329 1541 1372 1636 ἦ
1406 1543 1608 1627 ῶναῖς
1636 1553 1981 1636 δημοσίαις
2012 1545 2300 1634 ἐπεβάλ-

305 1657 456 1744 λετο
482 1646 912 1738 πρασσόμενα
948 1654 1238 1739 πικρῶς,
1280 1644 1585 1738 ᾐτοῦντο.
1642 1647 1959 1736 ἀντέλεγέ
1989 1676 2061 1720 τε
2088 1646 2299 1719 ουδα-

305 1756 444 1843 μῶς
476 1747 850 1843 Ἀρχέλαος,
878 1752 1118 1842 ἐπίηρα
1147 1756 1268 1821 τοῦ
1296 1747 1535 1856 ὁμίλου
1562 1758 1926 1878 σπουδαῖος
1953 1781 2051 1821 ων
2076 1767 2303 1823 ποιεῖν
2336 1776 2384 1817 15

305 1853 543 1940 πάντα,
574 1850 685 1922 διὰ
707 1850 784 1922 τὸ
801 1860 1097 1943 νομίζειν
1123 1857 1293 1944 μέγα
1318 1860 1590 1946 πρᾶγμα
1613 1861 1714 1936 εἰς
1738 1854 2018 1948 τήρησιν
2040 1861 2157 1946 τῆς
2177 1852 2302 1943 ἀρ-

303 1962 423 2048 χῆς
467 1956 876 2047 γενήσεσθαι
930 1985 1056 2048 την
1101 1955 1377 2027 εύνοιαν
1414 1956 1597 2053 αὐτῶ
1634 1964 1752 2049 τῆς
1788 1949 2116 2049 πληθύος.
2187 1963 2302 2029 ἐν·

304 2066 570 2151 τεῦθεν
596 2058 670 2130 δὲ
708 2060 928 2141 θύσας
963 2067 1056 2131 τῶ
1095 2066 1239 2156 θεῶ
1275 2058 1422 2131 κατ’
1458 2058 1749 2150 ευωχίαν
1784 2065 2095 2202 τρέπεται
2136 2061 2309 2152 μετὰ

305 2171 441 2241 τῶν
472 2172 713 2253 φίλων.

234 2272 278 2334 9
306 2272 310 2276 ’
450 2270 535 2337 ἐν
562 2265 776 2359 τούτω
799 2270 879 2337 δέ
894 2294 1071 2349 ,τινες
1096 2273 1234 2338 τῶν
1253 2264 1621 2354 Ἰουδαίων,
1649 2269 2100 2349 συνελθόντες
2124 2295 2300 2352 νεω-
2339 2293 2392 2334 m

309 2374 524 2458 τέρων
564 2365 897 2461 ἐπιθυμία
918 2370 1385 2496 πραγμάτων,
1439 2368 1783 2462 ῶδύροντο
1821 2380 2153 2442 Ματθίαν
2190 2374 2310 2441 καὶ

309 2499 465 2554 τους
505 2469 636 2540 συν
671 2468 854 2564 αυτῷ
896 2468 1021 2560 υφ’
1073 2468 1378 2564 Ἡρώδου
1419 2470 1921 2562 ἀποθανόντας,
1980 2482 2047 2545 οἳ
2086 2501 2306 2566 παρα-

310 2580 527 2665 χρῆμα
568 2567 682 2663 τῆς
725 2578 800 2644 ἐκ
838 2580 962 2643 τοῦ
1004 2586 1414 2646 πενθεῖσθαι
1452 2604 1645 2667 τιμης
1684 2578 1876 2672 φόβω
1917 2582 2012 2671 τῶ
2042 2580 2310 2648 ἐκείνου

310 2677 790 2768 ἀπεστέρηντο·
845 2668 1018 2766 ησαν
1047 2678 1120 2748 δὲ
1160 2685 1299 2749 τῶν
1338 2680 1448 2749 ἐπὶ
1473 2685 1867 2772 καθαιρέσει
1904 2685 2028 2751 τοῦ
2051 2686 2313 2770 χρυσοῦ

311 2781 510 2853 ἀετοῦ
549 2785 1110 2870 δεδικαιωμένων.
1164 2784 1275 2852 ἐπὶ
1315 2785 1484 2872 μέγα
1520 2811 1595 2853 τε
1631 2789 1715 2874 τῇ
1740 2789 1869 2877 βοῇ
1892 2785 2004 2853 καὶ
2044 2788 2306 2873 οἰμωγῇ
2340 2813 2392 2855 25
2483 2853 2484 2868 ,

270 2897 274 2904 ’
311 2885 669 2976 χρεόμενοι,
710 2890 831 2954 καί
849 2912 1033 2970 τινα,
1065 2879 1153 2964 ῶς
1178 2884 1501 2975 κούφισιν
1529 2889 1823 2978 φέροντα
1845 2902 1985 2968 τοῖς
2008 2893 2308 2970 τεθνεῶ-

314 3011 460 3075 σιν,
506 2984 964 3078 ἀπερρίπτουν
993 2994 1087 3068 είς
1111 2986 1232 3058 τὸν
1271 2991 1568 3078 βασιλέα.
1628 2975 1926 3061 συνόδου
1964 3017 2037 3059 τε
2080 2986 2313 3070 αὐτοῖς

314 3094 676 3180 γενομένης
700 3088 934 3179 ἠξίουν
957 3098 1288 3217 τιμωρίαν
1315 3088 1543 3174 αὐτοῖς
1576 3088 1697 3180 υπ’
1724 3069 2086 3184 Ἀρχελάου
2112 3094 2308 3182 γενέ-

317 3206 479 3262 σθαι
521 3193 832 3278 κολάσεσι
856 3198 996 3263 τῶν
1021 3190 1155 3264 ὑπὸ
1181 3190 1487 3287 οΗρῶδου
1513 3199 1940 3286 τιμωμένων,
1983 3199 2100 3266 καὶ
2129 3195 2307 3267 πάν-

316 3320 454 3361 των
478 3322 556 3379 γε
592 3298 704 3365 καὶ
746 3301 1014 3386 πρῶτον
1039 3299 1152 3367 καὶ
1179 3299 1621 3389 ἐκδηλότατον
1643 3298 1765 3371 τὸν
1788 3295 1909 3371 υπ’
1940 3296 2155 3371 αὐτοῦ
2179 3296 2401 3388 ἀρ--ῧο

223 3471 229 3480 Α
317 3390 544 3480 χιερέα
575 3403 967 3469 καθεστῶτα
1006 3401 1359 3472 παύσαντα
1397 3401 1855 3495 νομιμῶτερόν
1898 3430 1972 3473 τε
2017 3399 2153 3492 ἅμα
2192 3403 2362 3484 καὶ

318 3493 622 3585 καθαρὸν
647 3495 1086 3593 ἀρχιερᾶσθαι
1125 3500 1344 3596 ανδρα
1368 3510 1731 3598 αἱρεῖσθαι.
1789 3506 2050 3587 τούτοις
2077 3505 2305 3598 Ἀ-ρχέ
