2500 3882
1014 157 1504 216 ΔΩΔΕΚΑΤΗ
1610 204 1615 211 .
1745 236 1750 251 .
2138 152 2247 216 567

236 319 282 418 ᾖ
310 353 377 396 τι
413 326 595 419 παρὰ
623 325 871 417 φύσιν,
900 324 1407 419 ὑπομενοῦντας
1425 350 1440 366 ·
1495 326 1894 419 ἀμείβεσθαι
1924 325 2054 419 γὰρ
2081 324 2252 420 ἡμᾶς

242 437 353 501 δεῖ
375 429 495 511 τὰς
526 428 646 512 σὰς
686 429 1124 524 εύεργεσιάς,ι
1147 436 1542 522 πολυμερῶς
1571 438 1666 513 εἰς
1698 430 1851 512 τοῦς
1886 428 2248 522 ἡμετέρους

242 541 518 615 πολίτας
567 542 1067 621 κατατεθείσας.
1154 532 1367 616 εὐθὺς
1406 526 1534 605 οὖν
1570 531 1744 628 ὑπὲρ
1796 539 1924 605 σοῦ
1965 537 2077 605 καὶ
2127 541 2245 627 τῆς

238 636 545 726 ἀδελφῆς
581 660 705 708 σου
732 640 845 709 καὶ
878 644 1017 709 τοῖν
1053 641 1311 709 τέκνων
1337 639 1449 707 καὶ
1480 644 1703 727 φίλων
1728 638 2243 730 προσηγάγομεν

173 768 205 807 ε
241 748 525 826 θυσίας,
563 744 679 811 καὶ
719 740 795 811 τὸ
836 748 1095 831 πλῆθος
1139 739 1335 830 εὐχὰς
1376 742 1733 831 ἐποιήσατο
1776 744 2100 830 γενέσθαι
2139 764 2245 814 σοι

240 842 328 913 τὰ
379 841 546 913 κατὰ
595 850 768 915 νοῦν
816 847 930 915 καὶ
969 850 1413 934 φυλαχθῆναί
1445 867 1571 915 σου
1610 842 1735 935 τὴν
1773 852 2125 934 βασιλείαν
2170 850 2247 918 έν

238 947 512 1037 εἰρήνῃ,
543 947 669 1038 τήν
701 976 775 1018 τε
807 953 930 1018 τοῦ
965 947 1176 1037 νόμον
1214 946 1654 1039 μεταγραφὴν
1685 949 1794 1017 ἐπὶ
1832 953 2244 1042 συμφέροντι
2293 1022 2300 1029 ἡ

235 1055 334 1143 τῷ
361 1055 459 1144 σῷ
488 1059 726 1140 λαβεῖν
751 1048 790 1121 ὃ
814 1057 1103 1143 προαιρῇ
1129 1053 1336 1131 τέλος.
1392 1051 1802 1141 ἐπελεξάμην
1829 1051 1905 1121 δὲ
1932 1054 2044 1122 καὶ
2076 1078 2239 1140 πρε-

234 1155 609 1245 σβυτέρους
644 1152 895 1245 ἄνδρας
934 1158 1001 1238 ἓξ
1039 1151 1170 1224 ἀπὸ
1206 1159 1428 1243 φυλῆς
1463 1155 1776 1244 ἑκάστης,
1822 1151 1940 1235 οῦς
1982 1156 2239 1246 πεπόμ-

148 1289 202 1330 ιο
237 1284 469 1345 φαμεν
508 1263 778 1345 ἔχοντας
806 1256 926 1328 τὸν
958 1257 1188 1347 νόμον.
1243 1263 1429 1327 ἔσται
1472 1257 1549 1327 δὲ
1582 1262 1700 1346 τῆς
1736 1261 1857 1346 σῆς
1898 1255 2243 1347 εὐσεβείας

234 1362 354 1429 καὶ
396 1360 828 1450 δικαιοσύνης
867 1358 943 1432 τὸ
983 1364 1496 1451 μεταγραφέντα
1524 1358 1647 1431 τὸν
1674 1359 1887 1450 νόμον
1932 1365 2028 1440 είς
2074 1356 2244 1451 ἡμᾶς

234 1460 629 1553 ἀποπέμψαι
649 1462 815 1555 μετόι
843 1461 1212 1552 ἀσφαλείας
1233 1468 1373 1533 τοῖν
1410 1462 1836 1554 κομιζόντων.
1892 1460 2202 1554 ἔρρωσο.”

393 1572 603 1636 ταῦτα
644 1568 770 1657 μὲν
813 1564 849 1636 6
900 1565 1248 1658 ἀρχιερεὺς
1299 1564 1757 1659 ἀντέγραψεν,
1811 1568 1956 1657 ἐμοὶ
2003 1563 2068 1636 δ’
2112 1563 2238 1639 οὐκ
2266 1579 2301 1634 6

234 1666 607 1757 ἀναγκαῖον
643 1675 871 1753 ἔδοξεν
915 1669 1087 1741 εἶναι
1137 1668 1219 1739 τὰ
1259 1666 1553 1759 ὀνόματα
1603 1676 1742 1740 τῶν
1782 1669 2238 1761 ἑβδομήκοντα

149 1797 198 1836 ¹³
235 1778 752 1864 πρεσβυτέρων,
803 1781 873 1843 οἳ
916 1771 1036 1845 τὸν
1086 1772 1297 1863 νόμον
1335 1772 1637 1863 ἐκόμιζον
1667 1769 1802 1843 ὑπὸ
1822 1771 2239 1865 ,Ἐλεαζάρου

233 1879 667 1967 πεμφθέντες
684 1928 704 1964 ,
733 1883 1019 1968 δηλοῦν·
1057 1868 1148 1968 ἦν
1179 1875 1311 1967 γὰρ
1336 1882 1547 1948 ταῦτα
1573 1874 2134 1972 ὑπογεγραμμένα
2161 1881 2237 1949 έν

232 1986 314 2070 τῇ
356 1985 694 2071 ἐπιστολῇ.
746 1981 872 2072 τὴν
900 1984 1125 2072 μέντοι
1165 2010 1242 2068 γε
1263 1987 1420 2051 τῶν
1459 1979 1915 2070 ἀναθημάτων
1952 1985 2233 2066 πολυτέ-

235 2093 426 2154 λειαν
474 2087 586 2154 καὶ
630 2084 1085 2173 κατασκευήν,
1136 2081 1225 2174 ἣν
1271 2081 1662 2155 ἀπέστειλεν
1699 2080 1735 2153 6
1781 2083 2097 2171 βασιλεὺς
2144 2090 2236 2176 τῷ

232 2193 379 2282 θεῷ
395 2241 414 2274 ,
444 2185 571 2258 οῦκ
599 2185 1073 2278 ἀνεπιτήδειον
1104 2183 1459 2276 ἡγησάμην
1486 2192 1822 2273 διελθεῖν,
1853 2183 2033 2266 ὅπως
2058 2182 2230 2255 ἅπα-

148 2320 203 2360 m
235 2312 347 2361 σιν
383 2288 428 2380 ἡ
469 2296 595 2361 τοῦ
635 2294 962 2379 βασιλέως
1000 2293 1153 2381 περὶ
1190 2288 1311 2361 τὸν
1362 2288 1532 2360 θεὸν
1575 2296 1918 2379 φιλοτιμία
1972 2286 2236 2381 φανερὰ
2320 2355 2341 2370 „

234 2398 528 2484 γένηται.
590 2390 913 2483 ἄφθονον
940 2391 1075 2486 γὰρ·
1114 2392 1241 2483 τὴν
1288 2400 1384 2474 εἰς
1423 2397 1632 2463 ταῦτα
1677 2392 1987 2482 δαπάνην
2028 2421 2227 2485 χορη-

233 2503 375 2584 γῶν
409 2493 447 2567 6
491 2494 841 2587 βασιλεύς,
882 2500 994 2567 καὶ
1037 2525 1274 2588 παρων
1321 2496 1427 2568 ἀεὶ
1462 2512 1600 2578 τοῖς
1634 2505 1962 2586 τεχνίταις
1991 2499 2111 2566 καὶ
2151 2524 2234 2565 τα

130 2645 145 2660 ·
238 2607 399 2686 ἔργα
438 2603 857 2690 ἐπιβλέπων,
894 2598 1100 2672 οὐδὲν
1135 2599 1440 2726 ἀμελωςτ
1430 2598 1593 2670 οὐδὲ
1633 2600 1957 2693 ῥαθύμως
1992 2610 2096 2670 εἴα
2124 2605 2229 2687 γί-

236 2714 475 2772 νεσθαι
501 2710 640 2774 τῶν
660 2701 1333 2795 κατασκευασμάτων.
1387 2733 1485 2773 ων
1507 2700 1818 2787 ἑκάστου,
1850 2699 1937 2784 ὥς
1964 2699 2110 2772 οἷόν
2135 2728 2229 2787 τε,

148 2832 202 2872 ⁴25
236 2804 361 2894 τὴν
386 2809 822 2877 πολυτέλειαν
847 2806 1276 2898 διηγήσομαι,
1301 2812 1419 2894 τῆς
1446 2806 1572 2895 μὲν
1602 2811 1891 2895 ἱστορίας
1924 2816 2082 2882 ἴσως
2106 2801 2232 2872 οὐκ

232 2906 641 2999 ἀπαιτούσης
668 2908 792 3000 τὴν
825 2907 1275 2999 ἀπαγγελίαν,
1311 2907 1386 2979 τὸ
1419 2908 1494 2978 δὲ
1527 2913 1648 2978 τοῦ
1686 2909 2010 2996 βασιλέως
2037 2903 2229 2993 φιλά-

231 3021 439 3085 καλον
476 3015 591 3084 καὶ
632 3014 1063 3104 μεγαλόφρον
1089 3011 1266 3085 οὕτω
1294 3010 1653 3101 συστήσειν
1678 3024 1816 3090 τοῖς
1844 3011 2225 3099 ἐντευξομέ-

229 3144 368 3199 νοις
391 3112 914 3207 ὑπολαμβάνων.

380 3247 654 3309 πρωτον
696 3220 771 3290 δὲ
812 3248 894 3290 τα
914 3222 1077 3311 περὶ
1118 3224 1234 3307 τῆς
1246 3191 1596 3307 τραπέζης
1633 3213 2021 3304 ἐκθήσομαι.
2090 3214 2227 3305 εἶχε
2259 3237 2292 3292 7

160 3342 206 3383 ὃ
233 3324 354 3413 μὲν
379 3316 507 3395 οὖν
538 3321 631 3394 δι’
665 3318 988 3404 έννοίας“
958 3351 994 3392 ο
1030 3319 1347 3412 βασιλεὺς
1386 3316 2073 3411 ὑπερμεγεθέστατον
2087 3334 2227 3398 τοις

232 3430 490 3517 μέτροις
517 3424 1032 3518 ἀπεργάσασθαι
1064 3423 1138 3494 τὸ
1170 3421 1714 3512 κατασκεύασμα,
1756 3422 2113 3513 προσέταξε
2150 3419 2226 3487 δὲ

233 3541 479 3618 μαθεῖν
513 3529 590 3601 τὸ
626 3533 918 3620 μέγεθος
955 3534 1070 3618 τῆς
1109 3525 1548 3619 ἀνακειμένης
1594 3529 1673 3597 ἐν
1692 3542 1833 3607 τοῖς
1859 3517 2222 3615 Ἱεροσολύ-

1823 3643 1859 3701 5
1878 3639 1911 3676 *
