2500 3882
766 156 771 160 ·
818 167 839 178 -
860 99 1613 208 EHTAKAJAEKATH
2125 233 2128 240 ⁴
2170 139 2248 202 81

245 308 419 381 ἐἶναι
460 308 934 399 καμπτόμενόν
976 339 1041 393 τι
1088 317 1169 402 τῇ
1199 311 1473 401 γνώμῃ,
1504 316 1747 400 καίπερ
1791 309 1894 402 μὴ
1911 311 2243 402 βουλόμε-

240 442 366 483 νον
395 420 684 503 ἔκδηλον
712 412 916 500 εἶναι)
934 466 953 501 ,
987 416 1323 495 Νικόλαος
1352 410 1719 503 ἀρξάμενος
1748 410 1848 496 οἷς
1873 444 1946 485 τε
1974 412 2009 486 6
2039 425 2240 505 βασι-

240 513 399 598 λεύς
425 517 801 606 κατήρξατο
818 517 1044 605 λόγοις
1073 525 1505 604 παλιλλογεῖν
1532 517 1849 605 μειζόνως
1886 522 2232 608 ἐκδεινων,

239 622 355 689 καὶ
396 616 608 690 ὁπόσα
650 623 723 689 ἐκ
768 619 1086 709 βασάνων
1127 611 1174 707 ἢ
1208 626 1601 709 μαρτυριῶν
1627 628 1882 709 συνῆγε
1913 621 2035 711 τὴν
2063 619 2235 693 ἆπό-

177 744 207 796 ε
244 725 454 806 δειξιν
478 730 599 792 τοῦ
627 719 1054 811 ἐγκλήματος,
1085 722 1367 811 ’μάλιστα
1396 722 1471 793 δε
1500 722 1623 812 τὴν
1653 720 1900 812 αρετὴν
1919 727 2026 794 ἐπὶ
2053 725 2231 795 πολὺ

241 829 534 914 ’ἐξηγεῖτο
576 833 700 910 τοῦ
740 828 1098 915 βασιλέως,
1142 817 1186 916 ᾗ
1227 833 1389 914 περί
1424 853 1496 895 τε
1522 825 1776 916 τροφὰς
1803 829 1918 896 καὶ
1945 827 2231 898 παιδεύ-

239 957 414 1017 ματα
451 929 863 1019 χρησάμενος
900 936 1038 999 τῶν
1081 931 1291 999 υἱέων
1331 922 1722 1017 ὁῦδαμόθεν
1762 925 2025 1055 εὕροιτο
2067 928 2230 1020 ὄνη-

238 1163 344 1204 τοι
386 1163 463 1223 γε
501 1132 625 1223 οὐχ
668 1132 846 1205 οὕτω
886 1136 1262 1224 θαυμάζειν
1298 1141 1435 1205 τῶν
1476 1136 1824 1223 προτέρων
1859 1134 1984 1224 τὴν
2007 1089 2230 1225 ’ἄβου-
2302 1189 2307 1198 -

152 1262 202 1303 ιο
236 1244 422 1307 λίαν
482 1241 855 1325 νεωτέρους
904 1236 1031 1328 γὰρ
1073 1240 1188 1307 καὶ
1222 1244 1426 1330 κακία
1455 1236 1861 1326 συμβούλων
1890 1244 2229 1327 διεφθαρψ

233 1343 485 1430 μένους
527 1338 892 1423 ἀπαλεῖψαι
933 1369 1014 1410 τα
1059 1348 1175 1429 τῆς
1215 1340 1487 1431 φύσεως
1529 1340 1977 1439 δικαιώματα,
2023 1338 2228 1430 ἀρχῆς

233 1451 502 1513 θᾶσσον
543 1438 589 1532 ἦ
632 1452 803 1534 χρῆν
837 1453 1352 1534 μεταποιεῖσθαι
1402 1442 1947 1525 σπουδάσαντας·
2006 1440 2226 1514 Ἀντι-

232 1544 497 1637 πάτρου
539 1543 607 1616 δ’
663 1576 749 1617 αν
777 1553 1053 1627 δικαίως
1079 1546 1202 1635 τὴν
1237 1551 1516 1641 μιαρίαν
1553 1552 2091 1636 καταπλαγῆναι,
2134 1544 2224 1636 μὴ
2279 1585 2282 1592 ·
2347 1585 2351 1596 ·

180 1649 449 1739 μόνον
502 1646 637 1730 υπὸ
692 1679 812 1721 του
866 1647 1117 1739 πατρὸς
1155 1646 1691 1740 ευεργετηθέντα
1731 1648 1852 1718 τὸν
1904 1647 2225 1738 λογισμὸν

78 1763 83 1768 ’
145 1780 196 1824 15
232 1777 463 1843 ωσπερ
505 1782 588 1823 τα
627 1751 1038 1844 ἰοβολώτατα
1079 1781 1239 1822 των
1256 1756 1555 1842 ἕρπετων
1605 1751 1695 1842 μὴ
1711 1755 2221 1840 μαλαχθέντος,

227 1864 455 1937 καίτοι
504 1884 583 1946 γε
633 1845 970 1937 κάκείνοις
1020 1855 1201 1937 τινὸς
1259 1858 1691 1946 ἐγγινομένης
1726 1863 2053 1944 μαλακίας
2098 1861 2223 1926 τοῦ

229 1956 499 2029 ἀδικεῖν
522 1988 679 2043 τους
708 1954 1080 2049 εὐεργέτας,
1112 1958 1281 2031 ἀλλὰ
1308 1959 1477 2049 μηδε
1495 1958 1611 2040 τὰς
1628 1959 1850 2057 τύχας
1856 1985 1992 2028 των
2019 1956 2221 2029 ἀδελ-

231 2089 391 2149 φων
423 2061 591 2150 πρὸς
638 2063 713 2133 τὸ
755 2060 839 2133 οὐ
878 2063 1169 2153 μιμητὴν
1206 2091 1436 2133 αυτων
1465 2068 1869 2148 καταστῆναι
1895 2068 2012 2149 τῆς
2041 2057 2220 2150 ωμό-

225 2190 428 2253 τητος
471 2164 785 2252 ἐμποδων
824 2166 1232 2293 στήσαντος.
1261 2162 1524 2234 “uae-'voc
1558 2191 1671 2251 γε,
1713 2191 1766 2232 ω
1802 2160 2217 2287 Ἀντίπατρε,

134 2292 192 2334 20
229 2295 374 2338 των
400 2263 721 2359 ἆδελφων
746 2268 1045 2358 μηνυτής
1077 2297 1149 2339 τε
1177 2296 1277 2340 ων
1304 2268 1716 2356 τολμήσειαν
1744 2263 1949 2347 αυτὸς
1989 2256 2087 2354 ἦς
2078 2267 2218 2336 καὶ

221 2369 595 2461 ἐρευνητὴς
630 2400 768 2442 των
810 2372 1099 2460 ἐλέγχων
1147 2373 1261 2442 καὶ
1299 2367 1626 2458 κολαστὴς
1684 2370 2216 2458 πεφωραμένων,

218 2477 340 2546 καὶ
367 2502 454 2544 ου
481 2482 603 2544 τοῦ
630 2472 740 2546 ἐπ’
788 2477 1069 2556 ἐκείνοις
1100 2477 1522 2563 ἐγκαλοῦμεν
1559 2479 1762 2564 θυμῷ
1798 2479 2090 2562 χρῆσθαι
2126 2471 2217 2561 μὴ

219 2580 685 2665 ἐλλείποντος,
735 2575 904 2647 ἀλλὰ
931 2584 1051 2647 τοῦ
1077 2587 1429 2665 μιμεῖσθαι
1462 2575 1585 2664 τὴν
1609 2572 1964 2663 ἀσέλγειαν
1990 2572 2218 2645 αὐτῶν

218 2678 740 2767 σπουδάσαντος
764 2680 1322 2768 ἐκπεπλήγμεθα,
1358 2675 1779 2768 εὑρίσκοντες
1807 2674 2084 2747 κάκεῖνά
2108 2698 2241 2746 σοι,

125 2810 184 2855 25
213 2811 360 2863 ουκ
417 2778 530 2852 ἐπ’
585 2778 918 2875 ἄσφαλεία
971 2789 1095 2852 τοῦ
1135 2780 1384 2877 πατρὸς
1422 2778 1574 2852 ἀλλ’
1621 2777 1723 2895 ssg’
1768 2777 2037 2871 όλέθρω
2077 2786 2215 2848 τῶν

218 2886 552 2975 ἆδελφων
592 2880 1133 2974 πεπραγμένα,.”
1091 2906 1274 2965 οπως
1311 2889 1761 2975 μισοπονηρία
1794 2889 1874 2974 τῇ
1899 2878 2052 2953 κατ’
2085 2879 2213 2951 αὐ·-

215 3019 365 3062 των
406 2987 802 3079 φιλοπάτωρ
845 2987 1017 3058 εἶναι
1069 2990 1593 3077 πεπιστευμένος
1645 2984 2045 3072 ἀδεεστέραν
2099 2980 2211 3063 ἐπῖ

217 3090 413 3186 αυτῷ
451 3106 864 3183 κακουργεῖν
908 3089 1321 3181 παραλάβοις
1358 3089 1670 3178 δύναμιν.
1755 3117 1791 3159 ο
1761 3085 2047 3176 “Mycael
2073 3101 2211 3168 τοῖς

217 3201 451 3283 ἔργοις
480 3196 927 3286 παρέστησας·
981 3190 1116 3283 ἅμα
1152 3192 1284 3283 γὰρ
1326 3195 1441 3263 καὶ
1477 3192 1635 3272 τούς
1673 3189 2012 3280 ἀδελφοὺς
2043 3186 2211 3280 ἀνῄ-

123 3322 183 3365 εο
221 3323 371 3387 ρεις
425 3295 539 3384 ἐφ’
600 3292 701 3379 οἷς
752 3294 1026 3387 ἤλεγχες
1077 3294 1421 3387 πονηροὺς
1464 3294 1854 3384 γεγονότας,
1900 3294 2012 3363 καὶ
2055 3293 2214 3374 τοὺς

214 3397 825 3488 ὁμοπραγήσαντας
859 3398 1089 3481 αὐτοῖς
1127 3396 1253 3488 οὐχ
1298 3394 1697 3482 ὑπεδίδους,
1735 3392 2035 3483 φανερὸν
2077 3409 2214 3473 τοῖς

211 3509 389 3577 πᾶσι
417 3500 746 3583 καθιστὰς
771 3500 860 3585 ὥς
886 3502 1400 3590 καὶ-συνθήκην·
1414 3497 1584 3590 πρὸς
1624 3494 1871 3583 αὐτοὺς
1896 3494 2070 3566 κατὰ·
2093 3499 2212 3561 τοῦ
2241 3494 2246 3501 ’

285 3633 563 3682 ιοεΕΡΗ.
619 3635 706 3678 1v.
1749 3598 1766 3615 ⁸
1871 3611 1911 3671 6
