2500 3882
263 159 344 223 68
956 155 1609 218 ΑΡΧΑΙΟΛΟΓΙΑΣ

267 360 414 424 μοις
439 332 760 420 τραπέζης
777 380 795 415 ,
823 327 1033 399 πόσον
1056 331 1132 397 τέ
1155 330 1296 397 ἐστι
1322 329 1435 397 καὶ
1466 331 1529 395 εἰ
1552 321 1833 398 δύναται
1862 331 2085 414 μεῖζον
2111 321 2273 392 τού-

266 463 388 507 του
418 437 1073 520 κατασκευασθῆναι.
1137 429 1382 520 μαθῶν
1410 430 1486 499 δὲ
1518 431 1631 498 καὶ
1666 424 1793 515 τὴν
1819 420 2033 498 οὖσαν
2071 420 2276 516 ἡλίκη

265 567 365 620 τις
397 529 516 628 ἦν,
564 532 753 607 καὶ“
715 563 816 605 οτι
857 531 1062 621 αὐτῆς
1099 531 1307 604 οὐδὲν
1345 532 1593 602 κωλύει
1633 538 1901 620 μείζονα
1925 525 2279 618 γενέσθαι,

268 642 488 732 φήσας
524 641 633 709 καὶ
677 644 1220 708 πενταπλασίονα
1248 643 1369 727 τῆς
1407 633 1965 728 ὑπαρχούσηςτῷ
1997 635 2282 723 μεγέθει

268 744 643 835 βούλεσθαι
694 740 1187 810 κατασκευάσαι
1210 792 1228 827 ,
1288 747 1652 832 φοβεῖσθαι
1701 739 1776 808 δὲ
1821 735 2119 828 μὴ-πρὸς
2155 734 2281 818 τὰς
2310 767 2339 807 5

269 843 697 936 λειτουργίας
715 841 1038 933 ἄχρηστος
1076 841 1189 913 διὰ
1223 842 1348 933 τὴν
1373 839 1761 931 ὑπερβολὴν
1787 847 1909 911 τοῦ
1938 842 2284 932 μεγέθους

270 955 543 1041 γένηται
575 945 972 1036 (βούλεσθαι
1000 943 1130 1035 γάρ
1156 944 1283 1016 οὐκ
1309 945 1710 1017 ἀνακεῖσθαι
1740 944 1951 1034 μόνον
1979 950 2074 1024 εἰς
2102 945 2286 1013 θέαν

272 1052 353 1125 τὰ
393 1049 828 1140 ἀναθήματα,
866 1046 1036 1121 ἀλλὰ
1079 1052 1203 1124 καὶ
1231 1048 1397 1136 πρὸς
1433 1047 1572 1130 τας
1588 1055 2007 1138 λειτουργίας
2035 1044 2281 1170 εὔχρη-

273 1160 459 1240 στα),
488 1156 602 1224 καὶ
636 1151 749 1223 διὰ
773 1159 969 1224 τοῦτο
998 1151 1433 1243 λογισάμενος
1459 1152 1840 1242 σύμμετρον
1871 1149 2282 1230 κατεσκευά-

274 1271 440 1331 σθαι
474 1255 601 1347 τὴν
628 1260 961 1346 προτέραν
995 1256 1366 1346 τράπεζαν,
1404 1253 1553 1327 ἀλλ’
1603 1253 1687 1325 ού
1729 1251 1843 1324 διὰ
1882 1254 2132 1324 σπάνιν
2155 1256 2290 1323 τοῦ
2330 1286 2385 1326 ιο

274 1367 566 1454 χρυσοῦ,
596 1366 689 1453 τῷ
723 1351 1000 1449 μεγέθει
1032 1361 1160 1449 μὲν
1194 1357 1321 1431 οὐκ
1359 1366 1534 1447 ἔγνω
1563 1356 1686 1448 τὴν
1713 1357 2292 1448 προϋπάρχουσαν

275 1463 722 1554 ὑπερβαλεῖν,
779 1469 862 1552 τῇ
908 1464 983 1542 δὲ
1033 1472 1334 1556 ποικιλίᾳ
1386 1466 1499 1533 καὶ
1545 1468 1640 1556 τῷ
1680 1461 1907 1532 κάλλει
1955 1468 2072 1549 τῆς
2115 1457 2293 1548 ὕλης

276 1568 806 1655 ἀξιολογωτέραν
850 1568 1358 1637 κατασκευάσαι.
1435 1564 1656 1646 δεινὸς
1693 1566 1767 1635 δὲ
1822 1560 1920 1635 ῶν
1972 1569 2294 1634 συνιδεῖν

278 1668 689 1761 πραγμάτων
740 1675 1191 1739 παντοδαπῶν
1245 1670 1457 1757 φύσιν
1509 1671 1621 1738 καὶ
1680 1676 1917 1756 λαβεῖν
1971 1670 2296 1737 ἐπίνοιαν

279 1781 500 1862 ἔργων
525 1775 780 1841 καινῶν
815 1774 928 1841 καὶ
964 1772 1401 1861 παραδόξων,
1427 1774 1538 1841 καὶ
1573 1769 1698 1841 ὅσα
1739 1763 1826 1862 ἦν
1849 1769 2128 1859 ἄγραφα
2157 1768 2293 1860 τὴν
2336 1800 2389 1841 ιε

281 1873 552 1968 εὕρεσιν
577 1871 776 1955 αὐτὸς
803 1878 1112 1965 παρέχων
1140 1873 1255 1946 διὰ
1284 1875 1408 1966 τὴν
1433 1875 1711 1946 σύνεσιν
1738 1876 1851 1947 καὶ
1881 1870 2297 1957 ὑποδεικνὺς

279 1996 419 2062 τοῖς
468 1986 829 2068 τεχνίταις,
870 1981 1190 2051 ,ἐκέλευσε
1234 1986 1446 2050 ταῦτα
1482 1979 2093 2063 κατασκευάζεσθαι
2110 2030 2130 2064 ,
2174 1982 2297 2049 καὶ

281 2083 362 2156 τὰ
388 2080 947 2173 ἀναγεγραμμένα
977 2079 1141 2173 πρὸς
1172 2080 1297 2174 τὴν
1337 2080 1692 2172 ἀκρίβειαν
1725 2079 1951 2153 αὐτῶν
1993 2079 2294 2171 ἀποβλέ-

285 2215 533 2268 ποντας
558 2182 803 2274 ὁμοίως
832 2184 1181 2257 ἐπιτελεῖν.

207 2303 244 2358 8
430 2286 971 2386 ὑποστησάμενοι
1021 2297 1258 2359 τοίνυν
1313 2290 1722 2380 ποιήσασθαι
1775 2286 1901 2377 τὴν
1949 2288 2296 2377 τράπεζαν
2336 2312 2397 2352 m

289 2390 414 2461 δύο
449 2391 573 2479 μὲν
597 2392 709 2459 καὶ
736 2387 1016 2481 ἡμίσους
1052 2386 1285 2480 πηχῶν
1313 2390 1388 2462 τὸ
1415 2398 1622 2482 μῆκος
1639 2444 1656 2477 ,
1687 2389 1833 2471 ἑνὸς
1861 2391 1936 2460 δὲ
1961 2389 2036 2461 τὸ
2067 2382 2299 2481 εὖρος,

286 2491 363 2563 τὸ
395 2491 458 2561 δ’
494 2489 666 2575 ὕψος
696 2491 843 2573 ἑνὸς
870 2496 984 2563 καὶ
1007 2490 1318 2584 ἡμίσους,
1347 2498 1421 2565 ἐκ
1448 2500 1706 2585 χρυσοῦ,
1729 2493 1851 2584 τὴν
1877 2490 2043 2582 ὅλην
2081 2522 2299 2565 κατα-

289 2594 499 2686 βολὴν
524 2601 645 2665 τοῦ
673 2601 877 2686 ἔργον
908 2597 1329 2686 ποιούμενοι,
1370 2595 1496 2688 τὴν
1520 2600 1645 2687 μὲν
1679 2597 2020 2686 στεφάνην
2044 2607 2301 2668 παλαι-

288 2707 555 2771 στιαίαν
583 2699 1008 2788 εἰργάσαντο,
1047 2697 1129 2771 τὰ
1168 2701 1244 2770 δὲ
1288 2701 1575 2789 κυμάτια
1603 2704 1923 2790 στρεπτά,
1943 2762 1950 2771 .
1970 2698 2093 2789 τὴν
2120 2697 2300 2771 ἀνα-

289 2799 561 2893 γλυφὴν
582 2808 817 2891 ἔχοντα
836 2810 1233 2895 σχοινοειδῆ,
1265 2812 1348 2895 τῇ
1369 2814 1595 2897 τορείᾳ
1620 2809 2026 2894 θαυμαστῶς
2050 2806 2125 2872 ἐκ
2150 2811 2308 2876 τῶν
2347 2835 2406 2875 25

288 2912 497 2995 τριῶν
536 2911 762 2995 μερῶν
810 2911 1305 2997 μεμιμημένην·
1359 2909 1711 2999 τριγῶνων
1748 2903 1876 2996 γάρ
1908 2905 2127 2978 ὅντων
2165 2906 2305 2978 αὐ-

291 3014 429 3079 τῶν
458 3009 699 3098 ἑκάστη
735 3017 949 3097 γωνία
977 3008 1100 3100 τὴν
1127 3009 1343 3102 αὐτὴν
1367 3017 1483 3101 τῆς
1510 3011 1946 3093 ἐκτυπώσεως
1976 3009 2111 3098 εἶχε
2139 3012 2307 3083 διά-

291 3122 527 3199 θεσιν,
567 3109 657 3193 ῶς
693 3117 1169 3205 στρεφομένων
1207 3112 1436 3184 αὐτῶν
1467 3123 1630 3204 μίαν
1668 3116 1784 3185 καὶ
1827 3112 1918 3204 μὴ
1961 3111 2312 3201 διάφορον

291 3211 418 3301 τὴν
455 3216 644 3284 ἰδέαν
682 3213 909 3297 αὐτοῖς
951 3220 1599 3306 συμπεριφέρεσθαι.
1668 3224 1785 3308 τῆς
1834 3218 1908 3287 δὲ
1954 3215 2313 3307 στεφάνης

294 3342 369 3383 το
346 3311 581 3401 μὲν’
544 3314 676 3401 υπὸ
705 3317 829 3406 τὴν
855 3319 1184 3409 τράπεζαν
1211 3323 1685 3410 έγκεκλιμένον
1711 3317 1969 3411 ωραίαν
1995 3318 2132 3407 εἶχε
2165 3318 2312 3410 τὴν
2356 3356 2427 3398 zo

295 3415 745 3503 διατύπωσιν,
782 3420 856 3491 τὸ
897 3420 963 3492 δ’
1001 3426 1260 3506 ἔξωθεν
1285 3428 1735 3514 περιηγμένον
1773 3431 1869 3494 ἔτι
1904 3428 2162 3513 μᾶλλον
2202 3431 2316 3520 τῷ

292 3520 525 3591 κάλλει
542 3523 656 3606 τῆς
682 3518 1055 3609 ἐργασίας
1013 3555 1099 3615 ην
1126 3530 1691 3617 ἐκπεπονημένον,
1722 3555 1810 3609 ως
1835 3523 1956 3597 ὑπ’
1986 3524 2151 3609 ὄψιν
2177 3532 2318 3600 καὶ
