2500 3882
961 105 1443 165 ΔΩΔΕΚΑΤΗ
1675 94 1681 111 “
2129 105 2202 168 81

215 275 545 366 βούλομαι
573 273 804 356 καθώς
830 276 1219 360 ἐπέσταλκα,
1246 277 1359 344 καὶ
1384 273 1459 344 τὸ
1486 278 1641 365 περὶ
1667 275 1741 346 τὸ
1774 276 1961 367 ἱερὸν
1988 275 2205 369 ἀπαρ-

215 386 534 468 τισθῆναι
575 384 810 467 ἔργον,
853 377 969 458 τάς
1008 406 1080 448 τε
1118 375 1316 460 στοὰς
1342 379 1458 455 καὶ,
1484 389 1553 448 εἰ
1577 408 1641 448 τι
1669 382 1897 471 ἕτερον
1933 388 2203 452 οἰκοδο-

214 490 413 572 μῆσαι
460 482 626 550 δέοι.
713 477 755 569 ἡ
796 480 873 550 δὲ
912 487 1057 550 τῶν
1096 480 1319 563 ξύλων
1365 476 1495 570 ὕλη
1533 485 2077 571 κατακομιζέσθω
2133 489 2199 568 ἐξ

212 583 419 674 αὐτῆς
443 611 519 653 τε
548 590 664 672 τῆς
699 580 1024 667 Ἰουδαίας
1063 585 1177 654 καὶ
1216 587 1292 653 ἐκ
1316 590 1452 654 τῶν
1477 582 1703 655 ἄλλων
1730 589 1957 656 ἐθνῶν
1984 590 2098 657 καὶ
2124 594 2197 658 ἐκ

165 724 189 762 5
212 694 331 758 τοῦ
370 686 680 776 Λιβάνου
723 684 1011 776 μηδενὸς
1051 689 1621 779 εἰσπρασσομένου
1647 689 1910 770 τέλους·
1958 686 2202 787 ῥμοίως

211 791 285 860 δὲ
338 792 454 860 καὶ
497 804 636 869 τοῖς
676 787 902 870 αλλοις
940 794 1016 860 έν
1058 784 1239 872 οἷς’“
1194 818 1281 858 αν
1320 792 1851 880 ἐπιφανεστέραν
1886 799 2200 880 γίνεσθαι
2306 820 2318 840 ·

210 889 332 981 τὴν
383 899 510 963 τοῦ
562 896 750 980 ἱεροῦ
803 891 1166 981 ἐπισκευὴν
1220 893 1383 961 δέοι.
1475 895 2069 966 πολιτευέσθωσαν
2126 899 2202 967 δε

211 995 452 1077 πάντες
496 1000 566 1064 οἰ
600 997 672 1063 ἐκ
712 1002 832 1065 τοῦ
881 1002 1132 1076 ἔθνους
1171 992 1340 1064 κατὰ
1381 994 1539 1077 τοὺς
1566 1003 1889 1084 πατρίους
1915 998 2197 1087 νόμους·

210 1095 613 1169 ἀπολυέσθω
643 1098 720 1167 δὲ
746 1093 790 1186 ἡ
817 1104 1139 1187 γερουσία
1177 1098 1292 1167 καὶ
1328 1102 1400 1166 οἱ
1434 1102 1633 1187 ἱερεῖς
1661 1099 1774 1168 καὶ
1803 1104 1873 1168 oc
1893 1129 2201 1191 γραμμα-

36 1226 37 1229 ’
134 1231 177 1271 ιο
207 1217 339 1282 τεῖς
366 1209 490 1271 τοῦ
519 1206 708 1291 ίεροῦ
736 1203 848 1270 καὶ
875 1205 946 1269 οἰ
985 1200 1373 1289 ἱεροψάλται
1414 1191 1511 1270 ὦν
1554 1197 1726 1290 ὑπὲρ
1764 1208 1881 1288 τῆς
1905 1212 2200 1293 κεφαλῆς

33 1254 47 1491 ι
192 1311 474 1383 ,τελοῦσι
517 1305 631 1373 καὶ
669 1309 793 1372 τοῦ
829 1309 1238 1392 στεφανίτου
1280 1302 1500 1391 φόρου
1543 1304 1658 1372 καὶ
1698 1309 1820 1372 τοῦ
1856 1300 2029 1394 ὑπὲρ
2062 1313 2199 1375 τῶν

206 1403 449 1476 ἄλλων.
509 1412 620 1476 ἵνα
650 1406 726 1475 δὲ
751 1412 1004 1475 θᾶττον
1039 1402 1080 1494 ἡ
1115 1405 1307 1487 πόλις
1340 1411 1760 1495 κατοικισθῇ,
1793 1410 2037 1495 δίδωμι
2064 1424 2200 1488 τοῖς

202 1536 277 1578 τε
305 1516 437 1579 νῦν
464 1515 851 1579 κατοικοῦσι
885 1510 1001 1578 καὶ
1045 1510 1631 1601 κατελευσομένοις
1665 1510 1791 1589 ἕως
1815 1516 1939 1578 τοῦ
1959 1506 2197 1600 Ὑπερ-
2304 1578 2310 1585 ,

199 1619 554 1701 βερεταίου
584 1609 792 1700 μηνὸς
813 1608 1117 1681 ἀτελέσιν
1137 1610 1309 1681 εἶναι
1337 1613 1528 1700 μέχρι
1554 1618 1760 1700 τριῶν
1787 1615 1971 1682 έτων.
2024 1611 2194 1684 ἀπο-

122 1744 167 1784 15
198 1715 453 1804 λύομεν
481 1714 557 1784 δὲ
584 1716 696 1784 καὶ
727 1720 821 1794 εἰς
848 1712 922 1783 τὸ
961 1711 1202 1785 λοιπὸν
1242 1711 1494 1795 αὐτοὺς
1535 1722 1656 1784 τοῦ
1689 1722 1919 1802 τρίτου
1947 1719 2193 1807 μέρους

196 1826 332 1888 των
361 1816 634 1906 φόρων,
681 1813 849 1886 ὥστε
892 1813 1120 1887 αὐτῶν
1159 1820 1734 1907 ἐπανορθωθῆναι
1761 1815 1886 1906 τὴν
1912 1819 2192 1909 βλάβην.

30 1957 33 2030 ¹>
196 1924 307 1992 καὶ
350 1917 501 1992 ὅσοι
544 1923 617 1991 ἐκ
657 1928 772 2010 τῆς
814 1920 1067 2003 πόλεως
1108 1916 1516 2009 ἁρπαγέντες
1547 1918 2028 2014 δουλεύουσιν,
2064 1920 2193 1993 αύ-

30 2039 33 2098 ἓ
194 2025 354 2107 τούς
381 2052 454 2094 τε
480 2024 760 2107 τούτους
788 2026 900 2094 καὶ
927 2021 1088 2104 τοὺς
1108 2021 1228 2093 ὑπ’
1263 2020 1491 2094 αὐτῶν
1518 2024 1971 2111 γεννηθέντας
1999 2029 2194 2095 ἐλευ-

30 2121 31 2126 Ὶ
193 2131 450 2218 θέρους
504 2124 822 2217 ἀφίεμεν,
878 2128 990 2197 καὶ
1031 2123 1146 2206 τὰς
1187 2123 1421 2204 οὐσίας
1477 2122 1704 2205 αὐτοῖς
1742 2121 2192 2195 ἀποδίδοσθαι

113 2257 162 2297 20
192 2227 615 2319 κελεύομενῗ
1647 2255 1652 2258 “

336 2330 380 2423 ἡ
417 2333 546 2423 μὲν
590 2360 718 2403 ουν
758 2331 1068 2420 ἐπιστολὴ
1105 2338 1314 2401 ταῦτα
1353 2305 1676 2422 περιεῖχε,
1722 2332 2078 2421 σεμνύνων
2117 2332 2188 2403 δὲ
2217 2354 2254 2407 4

188 2440 305 2508 καὶ
347 2435 422 2507 τὸ
467 2437 683 2526 ιερόν,
741 2434 1145 2526 πρόγραμμα
1188 2433 1356 2504 κατὰ
1396 2441 1619 2507 πᾶσαν
1671 2434 1795 2524 τὴν
1840 2443 2189 2525 βασιλείαν

188 2544 475 2630 ἐξέθηκε
500 2539 813 2630 περιέχον
839 2538 1019 2627 τάδε,
1047 2541 1288 2628 μηδενὶ
1317 2538 1466 2622 ἐξὸν
1500 2538 1670 2609 εἶναι
1700 2538 2065 2632 ἀλλοφύλῳ
2095 2548 2188 2620 εἰς

185 2642 315 2713 τὸν
354 2650 714 2732 περίβολον
758 2644 1034 2711 εἰσιέναι
1074 2648 1196 2711 τοῦ
1239 2646 1430 2732 ἱεροῦ
1471 2640 1590 2712 τὸν
1633 2638 2186 2731 ἀπηγορευμένον

104 2776 149 2814 25
183 2761 333 2827 τοῖς
361 2743 728 2831 Ἰουδαίοις,
761 2751 824 2814 εἰ
843 2743 932 2833 μὴ
962 2741 1060 2826 οἷς
1091 2741 1518 2870 ἁγνισθεῖσίν
1546 2747 1725 2814 ἐστιν
1758 2752 1999 2832 ἔθιμον
2015 2743 2184 2814 κατὰ

180 2848 309 2920 τὸν
361 2847 648 2938 πάτριον
699 2848 928 2942 νόμον.
1006 2844 1168 2937 μηδ’
1228 2853 1323 2929 εἰς
1362 2845 1485 2936 τὴν
1524 2846 1724 2916 πόλιν
1763 2847 2183 2933 εἰσφερέσθω

182 2958 426 3023 ἵππεια
452 2954 616 3040 κρέα
643 2950 808 3040 μήτε
842 2948 1147 3039 ἡμιόνεια
1189 2948 1372 3037 μήτε
1381 2944 1692 3037 ἀγρίων’
1668 2944 1851 3016 όνων
1880 2942 2054 3015 καὶ
2019 2943 2184 3058 ημέ-

180 3084 363 3143 ρων,
405 3053 810 3145 παρδάλεων
848 3082 919 3123 τε
963 3055 1076 3123 καὶ
1131 3047 1499 3124 ἀλωπέκων
1541 3053 1653 3120 καὶ
1700 3055 2020 3137 λαγωων,
2071 3029 2182 3119 καὶ

177 3159 493 3228 καθόλου
524 3157 798 3227 πάντων
835 3185 970 3225 των
1008 3154 1579 3244 ἀπηγορευμένων
1618 3152 1804 3244 ζωων
1851 3165 1987 3234 τοῖς
2016 3148 2183 3224 'lov—

30 3297 33 3316 ·
96 3281 145 3322 ³0
178 3267 425 3343 δαίοις.
495 3260 667 3349 μηδὲ
707 3258 823 3341 τὰς
864 3256 1066 3348 δορὰς
1108 3259 1450 3346 εἰσφέρειν
1491 3259 1769 3342 ἐξεῖναι,
1797 3252 1978 3324 ’ἀλλὰ
2015 3257 2184 3345 μηδε

176 3367 468 3454 τρέφειν
500 3362 853 3452 τετούτων
882 3366 954 3432 ἐν
983 3368 1063 3451 τῇ
1094 3360 1306 3445 πόλει,
1335 3358 1566 3447 μόνοις
1594 3359 1668 3427 δὲ
1695 3373 1832 3439 τοῖς
1858 3385 2183 3448 προγονι-

178 3483 330 3549 κοῖς
357 3467 686 3556 θύμασιν,
716 3461 838 3553 ἀφ’
874 3455 970 3533 ὦν
1000 3466 1110 3534 καὶ
1142 3468 1233 3555 τῷ
1265 3468 1405 3556 θεῷ
1441 3467 1548 3531 δεῖ
1570 3468 1985 3551 καλλιερεῖν,
2036 3466 2185 3530 ἐπι-

246 3603 516 3646 ιοεΕΡιι.
572 3602 667 3642 ιιι.
1833 3579 1870 3638 6
