2500 3882
965 105 1446 213 ASzAEJKATH
2102 154 2131 212 1
2146 152 2221 213 15

229 351 440 411 ναμιν
481 319 931 412 ἀναλαβόντες
977 314 1203 414 ἦλθον
1236 330 1329 406 εἰς
1358 322 1706 414 Ἰάμνειαν.
1792 329 2087 413 Γοργίου
2141 326 2219 396 δὲ

230 433 353 496 τοῦ
384 432 504 514 τῆς
528 422 851 515 Ἰαμνείας
894 434 1273 518 στρατηγοῦ
1298 423 1835 518 ὑπαντήσαντος,
1876 434 2217 518 συμβολῆς

228 531 599 618 γενομένης
633 535 1004 617 δισχιλίους
1032 527 1512 618 ἀποβάλλουσι
1556 538 1674 620 τῆς
1713 536 2055 622 στρατιᾶς,
2104 532 2219 601 καὶ

229 630 604 720 φεύγοντες
652 628 805 721 ἄχρι
858 640 994 703 τῶν
1062 639 1180 722 τῆς
1225 627 1551 716 Ἰουδαίας
1600 631 1785 725 ὅρων
1836 632 2214 703 διώκονται.

169 763 198 801 5
233 737 491 823 συνέβη
530 732 603 806 δ’
644 733 873 817 αὐτοῖς
913 736 988 806 τὰ
1015 752 1310 825 πταῖσμα
1336 743 1535 808 τοῦτο
1574 737 2085 829 παρακούσασιν
2118 727 2217 806 ὧν

233 833 463 920 αὐτοῖς
494 834 746 922 Ἰούδας
790 841 1157 926 ἐπέστειλε,
1197 836 1289 929 μὴ
1317 848 1689 929 συμβαλεῖν
1718 846 1814 922 είς
1839 840 2058 929 μάχην
2085 867 2215 928 μη-

230 942 384 1009 δενὶ
410 939 538 1031 πρὸ
566 947 682 1030 τῆς
717 944 984 1012 ἐκείνου
1008 948 1412 1033 παρουσίας·
1465 942 1635 1034 πρὸς
1669 940 1801 1034 γὰρ
1827 958 1964 1024 τοῖς
1992 936 2215 1024 αλλοις

229 1039 447 1113 αὐτοῦ
478 1043 973 1134 στρατηγήμασι
1013 1047 1128 1115 καὶ
1166 1043 1239 1115 τὸ
1278 1071 1447 1115 κατα
1484 1043 1641 1128 τοὺς
1665 1047 1821 1136 περὶ
1846 1044 1968 1115 τὸν
1985 1042 2213 1134 Ἰωση-

229 1171 365 1215 πον
402 1150 517 1217 καὶ
560 1144 680 1217 τὸν
709 1145 1017 1238 Ἀζαρίαν
1071 1146 1363 1236 πταῖσμα
1403 1148 1819 1238 θαυμάσειεν
1858 1176 1947 1218 αν
1984 1176 2083 1229 τις
2098 1199 2118 1235 ,
2173 1175 2209 1216 ο

146 1277 200 1319 ιο
231 1256 566 1339 συνῆκεν,
622 1256 688 1321 εί
713 1251 1256 1341 παρακινήσουσί
1289 1277 1353 1319 τι
1391 1257 1529 1319 τῶν
1554 1253 2060 1339 ἐπεσταλμένων
2083 1246 2213 1318 αὖ-

227 1368 403 1441 τοῖς,
432 1352 773 1442 ἐσόμενον.
842 1382 882 1424 ο
913 1354 991 1424 δὲ
1011 1350 1266 1435 Ἰούδας
1292 1354 1407 1423 καὶ
1435 1358 1504 1422 oc
1533 1349 1820 1441 ἀδελφοὶ
1844 1349 2058 1422 αυτοῦ
2088 1376 2213 1421 πο-

229 1463 594 1544 λεμοῦντες
620 1472 757 1538 τοῖς
778 1452 1174 1546 Ἰδουμαίοις
1205 1453 1333 1536 οὐκ
1361 1452 1659 1544 ἀνίεσαν,
1698 1450 1845 1526 ἀλλ’
1877 1457 2211 1524 ἐνέκειντο
2272 1525 2276 1540 ,

230 1559 661 1647 πανταχόθεν
686 1554 949 1646 αὐτοῖς,
993 1559 1120 1648 τήν
1139 1586 1212 1630 τε
1237 1565 1569 1650 Χεβρῶνα
1610 1558 1810 1634 πόλιν
1835 1556 2212 1646 καταλαβό-

227 1687 453 1751 μενοι,
495 1659 658 1733 ὅσον
676 1690 764 1751 ην
790 1659 1041 1751 ὀχυρὸν
1067 1659 1274 1752 αὐτης
1308 1661 1670 1750 καθεῖλον,
1708 1659 2007 1744 καὶτοὺς
2033 1660 2210 1747 πύρ·

139 1790 196 1833 15
228 1791 397 1852 γους
449 1765 902 1856 ἐμπρήσαντες
952 1766 1199 1857 ἐδῄουν
1236 1763 1360 1855 τὴν
1403 1762 1793 1853 ἀλλόφυλον
1828 1764 2057 1854 χώραν
2095 1765 2208 1834 καὶ

222 1867 594 1956 Μάρισσαν
620 1868 854 1956 πόλιν,
885 1879 981 1952 είς
1013 1865 1388 1954 τεἌζωτον
1414 1869 1728 1950 ἐλθόντες
1745 1869 1861 1937 κάὶ
1887 1865 2209 1957 λαβόντες

225 1967 442 2061 αὐτὴν
469 1972 867 2064 διήρπασαν.
957 1970 1171 2044 πολλὰ
1198 1975 1273 2043 δὲ
1301 1979 1518 2062 σκῦλα
1543 1974 1656 2042 καὶ
1682 1979 1873 2044 λείαν
1894 1977 2207 2059 κομίζον-

220 2101 331 2156 τες
358 2081 455 2158 είς
479 2068 605 2165 τὴν
624 2072 955 2147 Ἰουδαίαν
980 2071 1425 2166 ὑπέστρεψαν.

378 2175 515 2248 ὑπὸ
563 2177 641 2247 δὲ
669 2176 790 2248 τὸν
828 2176 1041 2249 αὐτὸν
1069 2174 1310 2268 καιρὸν
1348 2178 1611 2247 ἐκεῖνον
1661 2177 1774 2245 καὶ
1815 2172 1853 2244 ὁ
1893 2171 2207 2266 βασιλεὺς
2233 2176 2275 2238 9

129 2311 189 2352 20
215 2277 550 2369 Ἀντίοχος
592 2278 715 2370 τὴν
740 2278 881 2352 ἀνω
907 2281 1135 2373 χώραν
1164 2280 1601 2369 ἐπερχόμενος
1639 2276 1875 2348 ἀκούει
1904 2277 2106 2349 πόλιν
2132 2279 2207 2346 ἐν

222 2391 306 2474 τῇ
330 2389 620 2475 Περσίδι
655 2383 926 2479 πλούτῳ
953 2386 1447 2474 διαφέρουσαν,
1484 2376 1843 2472 Ἐλυμαΐδα
1862 2414 1866 2421 ·
1884 2376 2203 2473 τοῦνομα,

221 2489 337 2559 καὶ
381 2487 742 2567 πολυτελὲς
782 2485 966 2575 ἱερὸν
997 2484 1377 2578 Ἀρτέμιδος
1412 2489 1489 2559 ἐν
1516 2483 1688 2577 αὐτῇ
1726 2488 1839 2556 καὶ
1867 2489 2200 2555 παντοδα-
2312 2487 2317 2491 ’

222 2598 377 2659 πῶν
406 2587 863 2679 ἀναθημάτων
899 2597 1149 2682 πλῆρες
1190 2589 1398 2678 εἶναι,
1456 2595 1552 2660 ἔτι
1592 2617 1669 2678 γε
1707 2587 1842 2678 μὴν
1870 2585 2044 2659 ὅπλα
2087 2589 2202 2657 καὶ
2308 2596 2312 2605 ’

221 2691 576 2781 θώρακας,
629 2688 676 2762 δι’
716 2702 1105 2764 καταλιπεῖν
1131 2692 1699 2764 ἐπυνθάνετο-τὸν
1729 2688 1884 2760 υἱὸν
1919 2697 2041 2760 τοῦ
2072 2697 2203 2758 Φι-

127 2825 189 2865 25
220 2801 483 2865 λίππου
518 2796 797 2884 βασιλέα
839 2795 913 2887 δὲ
938 2797 1366 2867 Μακεδόνων
1383 2791 1841 2884 Ἀλέξανδρον.
1893 2793 2203 2879 κινηθεὶς

219 2888 354 2968 οὖν
379 2899 489 2969 ἐπὶ
519 2899 734 2992 τούτῳ
756 2893 1063 2989 ὥρμησεν
1089 2899 1199 2971 ἐπὶ
1223 2894 1735 2985 τὴνἘλυμαΐδα,
1765 2894 1877 2963 καὶ
1906 2900 2204 2981 προσβα-

215 3000 364 3073 adm
387 2998 1022 3092 αὐτὴν-ἐπολιόρκει.
1062 3008 1200 3072 τῶν
1228 2997 1294 3069 δ’
1328 3002 1404 3069 ἐν
1430 2995 1601 3088 αὐτῇ
1626 2996 1717 3087 μὴ
1744 2996 2203 3082 καταπλαγέν-

214 3133 357 3177 των
396 3102 522 3193 τὴν
578 3109 833 3193 ἔφοδον
887 3102 1101 3175 αὐτοῦ
1158 3101 1330 3194 μηδὲ
1392 3098 1517 3189 τὴν
1552 3105 1979 3190 πολιορκίαν,
2033 3094 2201 3168 ἀλλὰ

213 3215 560 3299 καρτερῶς
632 3204 1116 3296 ἀντισχόντων,
1189 3201 1638 3293 ἀποκρούεται
1708 3209 1824 3290 τῆς
1896 3204 2195 3284 ἐλπίδος·

124 3340 181 3383 zo
215 3308 668 3400 ἀπωσάμενοι·
715 3307 846 3401 γὰρ
891 3308 1022 3381 ἀπὸ
1082 3315 1198 3398 τῆς
1252 3307 1509 3388 πόλεως
1561 3307 1678 3376 καὶ
1733 3304 2200 3387 ἐπεξελθόντες

207 3417 534 3502 ἐδίωξαν,
589 3409 750 3483 ὥστ’
786 3411 999 3483 αὐτὸν
1035 3415 1268 3483 ἐλθεῖν
1310 3417 1404 3493 εἰς
1439 3413 1816 3498 Βαβυλῶνα
1859 3407 2200 3498 φεύγοντα

208 3521 329 3589 καὶ
354 3514 652 3600 πολλοὺς
681 3512 1109 3606 ἀποβαλόντα
1133 3521 1250 3605 τῆς
1283 3519 1609 3606 στρατιᾶς.
1670 3513 2097 3604 λυπουμένῳ
2125 3505 2196 3576 δ’

1795 3627 1834 3690 8
1858 3628 1890 3670 *
