2500 3882
806 173 867 241 ,ο
878 170 1559 271 ΚΤΩΚΑΙΔΕΚΑΤΗ,
2067 164 2187 233 185

198 340 285 414 δι’
335 338 587 432 αὐτήν,
636 347 984 425 δεδοικυῖα
1017 334 1106 411 ’δὲ
1147 340 1301 431 περὶ
1332 347 1453 412 τοῦ
1488 335 1826 412 Ἀνιλαίου
1854 340 1943 432 μὴ
1978 347 2099 412 καί
2107 367 2190 412 -τι

197 447 413 518 πάθοι
463 451 661 535 ἔρωτι
700 451 793 539 τῷ
836 442 1004 533 πρὸς
1055 439 1299 532 αὐτήν,
1347 445 1706 533 φάρμακον
1739 450 1832 538 τῷ
1877 442 2189 538 Ἀσιναίω

200 556 415 621 δοῦσα
441 552 517 620 ἐν
540 565 679 628 τοῖς
706 555 940 628 σιτίοις
972 554 1259 639 μεθιστᾷ
1281 546 1402 618 τὸν
1438 545 1854 635 ἄνθρωπον
1826 598 1846 634 ,
1886 544 2088 636 ἀδεής
2116 573 2191 617 τε

198 646 287 743 ἦν
327 653 437 723 ἐπὶ
475 657 667 741 κριτῇ
705 657 842 721 τῶν
884 652 1038 740 περὶ
1063 648 1277 740 αὐτὴν
1305 654 1885 742 πραχθησομένων
1910 678 2003 720 τω
2032 653 2187 741 ἐρα-

138 781 170 822 τ
206 762 329 846 στῇ
355 756 716 848 γενομένω.

347 856 675 938 Ἀνιλαῖος
707 856 783 927 δὲ
808 853 983 925 κατὰ
1000 855 1210 957 μόνας
1232 853 1364 947 ἤδη
1400 854 1525 945 τὴν
1559 803 1927 945 ἡγεμονίαν
1969 881 2184 945 παρα·
2221 867 2257 922 6

202 959 432 1051 λαβων
486 961 701 1048 ἐξάγει
746 958 1075 1050 στρατιὰν
1126 961 1237 1029 ἐπὶ
1294 958 1411 1041 τὰς
1466 959 1903 1049 Μιθριδάτου
1942 959 2188 1047 κώμας,

204 1062 455 1157 ἀνδρὸς
491 1063 760 1153 πρώτου
800 1065 877 1132 ἐν
912 1067 997 1155 τῇ
1032 1067 1430 1155 Παρθυηνῇ
1457 1063 1568 1132 καὶ
1605 1065 1931 1153 βασιλέως
1955 1056 2187 1150 'Apia-

206 1167 423 1260 βάνου
461 1166 585 1257 τὴν
624 1167 969 1256 θυγατέρα
1003 1165 1486 1255 γεγαμηκότος,
1535 1164 1648 1236 διὰ
1691 1175 1873 1247 λείας
1909 1190 1982 1235 τε
2027 1157 2195 1254 ἦγεν

118 1294 172 1335 1⁰
209 1269 435 1352 αὐτάς.
496 1272 609 1340 καὶ
652 1267 865 1339 πολλὰ
902 1268 1027 1358 μὲν
1066 1268 1364 1358 χρήματα
1410 1271 1524 1339 καὶ
1573 1267 1966 1359 ἀνδράποδα
2007 1264 2191 1359 εὖρί-
2243 1300 2248 1303 ·

208 1397 470 1459 σκεται,
513 1369 724 1445 πολλὰ
768 1372 845 1442 δὲ
879 1371 1212 1462 πρόβατα,
1254 1370 1426 1443 ἄλλα
1460 1397 1532 1443 τε
1572 1370 1788 1443 πολλοὶ
1824 1368 2039 1443 ὁπόσα
2069 1372 2194 1441 ,ἐπὶ

206 1475 582 1566 προσλήψει
606 1479 728 1546 τοῦ
755 1473 1151 1565 εὐδαίμονος
1176 1471 1429 1564 ὠφελεῖ
1451 1491 1590 1556 τοῖς
1618 1481 1868 1564 ἔχουσι.
1924 1483 2193 1564 Μιθρι-

210 1580 414 1669 δάτης
441 1582 522 1651 δέ
542 1579 890 1667 (ἐτύγχανε
920 1576 1046 1668 γάρ
1079 1583 1241 1669 τῇδε
1275 1577 1400 1668 ὤν)
1442 1580 1586 1649 ἐπεὶ
1630 1576 1861 1649 ἀκούει
1895 1584 2034 1648 τῶν
2059 1605 2190 1647 κω·

210 1690 360 1775 μῶν
385 1682 509 1774 τὴν
544 1680 831 1768 ἅλωσιν,
861 1686 938 1753 ἐν
977 1687 1193 1776 δεινῷ,
1218 1685 1448 1773 φέρων
1484 1679 1585 1753 ὅτι
1624 1679 1714 1772 μὴ
1752 1681 2200 1772 προάρξαντος

42 1842 47 1847 -
117 1807 172 1849 ¹5
208 1787 474 1859 ἀδικεῖν
511 1783 840 1866 Ἀνιλαῖος
888 1782 1186 1876 ἄρξαιτο,
1232 1787 1346 1855 καὶ
1386 1785 1715 1889 παρόντος
1751 1790 1872 1858 τοῦ
1907 1782 2196 1873 ἀξιωμα-

207 1919 321 1972 τος
343 1885 712 1980 υπεριδών,
742 1890 992 1970 ἱππέας
1008 1886 1413 2016 συναγαγων
1439 1896 1790 1971 πλείστους
1816 1886 2012 1970 ὅσους
2039 1885 2194 1960 ἐδύ-

211 2020 394 2080 νατο,
421 1994 535 2063 καὶ
559 2020 698 2062 των
724 1999 1058 2063 πλείστων
1084 2019 1243 2074 τους
1270 1998 1344 2064 ἐν’
1363 1988 1607 2085 ἡλικία,
1636 1998 1859 2082 παρῆν
1881 2020 1970 2073 ως
1987 2012 2196 2081 προσ-

214 2091 425 2186 μίξων
457 2111 596 2175 τοῖς
638 2097 792 2184 περὶ
833 2093 953 2166 τὸν
983 2092 1340 2172 Ἀνιλαῖον.
1395 2097 1507 2165 καὶ
1548 2101 1624 2164 ἔν
1662 2122 1796 2165 τινι
1836 2094 2025 2185 κώμη
2064 2121 2201 2164 των

215 2195 427 2269 αὑτοῦ
473 2195 820 2287 κατασχων
858 2195 1182 2290 ησύχαζεν
1231 2228 1320 2279 ως
1363 2204 1444 2290 τῇ
1496 2194 1774 2310 ἐπιούσῃ
1826 2196 2199 2287 μαχησόμε-

116 2331 180 2373 2⁰
215 2331 332 2383 νος
373 2301 486 2372 διὰ
527 2299 603 2371 τὸ
642 2300 817 2372 εἶναι
866 2302 1235 2391 σάββατον,
1276 2280 1549 2391 ἡμέραν
1570 2315 1708 2381 τοῖς
1742 2298 2090 2381 Ἰουδαίοις
2128 2301 2207 2370 ἐν

210 2404 414 2497 ἀργία
443 2407 870 2494 διαγομένην.
917 2402 1247 2492 Ἀνιλαῖος
1292 2406 1366 2475 δὲ
1393 2408 1603 2473 ταῦτα
1628 2402 2014 2494 πυθόμενος
2040 2399 2202 2496 παρ’

215 2507 465 2598 ἀνδρὸς
491 2509 730 2596 Σύρου
758 2504 1149 2597 ἀλλοφύλου
1181 2511 1247 2592 ἐξ
1280 2508 1503 2598 ἑτέρας
1529 2505 1788 2598 κόμης,
1823 2507 1918 2577 τά
1939 2536 2011 2578 τε
2038 2505 2208 2577 αλλα

217 2610 580 2701 φράζοντος
631 2608 925 2700 ἀκριβῶς
976 2614 1090 2682 καὶ
1144 2609 1219 2681 τὸ
1271 2621 1519 2700 χωρίον
1568 2616 1740 2682 ἔνθα
1772 2610 2208 2700 Μιθριδάτης

216 2712 462 2804 ἤμελλε
543 2719 944 2799 δαίνυσθαι,
1027 2709 1707 2802 δειπνοποιησάμενος
1788 2711 1950 2784 καθ’
2023 2709 2208 2802 ὥραν

109 2847 181 2891 26
216 2816 475 2908 ἤλαυνε
512 2813 754 2897 νυκτὸς
791 2813 1083 2905 ἀμαθέσι
1126 2821 1265 2890 τῶν
1303 2817 1728 2905 ποιουμένων
1777 2815 2034 2909 χρῄζων
2069 2830 2209 2895 τοῖς

190 2926 645 3018 Παρθυαίοις
705 2922 1071 2992 ἐπιπεσεῖν.
1146 2920 1263 2989 καὶ
1314 2921 1471 3012 περὶ
1526 2917 1840 3008 φυλακὴν
1888 2917 2210 3008 τετάρτην

214 3021 557 3096 ἐπιπεσων
593 3050 752 3105 τους
789 3022 914 3112 μὲν
953 3029 1049 3094 ἔτι
1096 3024 1553 3112 κοιμωμένους
1594 3019 1888 3112 ἀναιρεῖ,
1930 3048 2087 3101 τους
2131 3019 2208 3091 δὲ

220 3134 314 3208 εἰς
339 3124 573 3217 φυγὴν
597 3128 849 3215 τρέπει.
911 3125 1357 3216 Μιθριδάτην
1395 3126 1474 3196 δὲ
1509 3132 1754 3218 ζωγρία
1794 3122 2020 3213 λαβων
2045 3115 2211 3212 ἦγεν
2287 3156 2293 3161 ·

221 3257 310 3309 ως
351 3227 561 3301 αὑτὸν
603 3227 784 3300 έπὶ”
745 3256 906 3300 ονον
944 3227 1208 3355 γυμνὸν
1239 3226 1690 3319 ἀναθέμενος,
1732 3224 1902 3317 ηπερ
1928 3225 2211 3316 ἀτιμιων

122 3356 184 3402 ³⁰
221 3338 493 3421 μεγίστη
518 3340 852 3422 νομίζεται
886 3330 1066 3422 παρὰ
1090 3338 1536 3422 Παρθυαίοις.
1581 3357 1977 3419 καταγαγων
2007 3331 2083 3401 δὲ
2116 3337 2211 3412 εἰς

216 3431 346 3524 τὴν
369 3430 541 3523 υλην
567 3434 732 3523 μετὰ
758 3440 1024 3508 τοιοῦδε
1052 3431 1407 3524 ὁρίσματος
1424 3488 1442 3522 ,
1484 3436 1596 3504 καὶ
1624 3432 2044 3505 κελευόντων
2072 3461 2211 3503 των

213 3544 444 3630 φίλων
470 3533 775 3633 ἀναιρεῖν
811 3536 931 3609 τὸν
960 3536 1442 3644 Μιθριδάτην,
1494 3534 1938 3610 ἀνεδίδασκεν
1966 3534 2209 3612 αὐτούς
