<?xml version="1.0" encoding="UTF-8"?>
<!DOCTYPE html PUBLIC "-//W3C//DTD XHTML 1.0 Transitional//EN"
    "http://www.w3.org/TR/xhtml1/DTD/xhtml1-transitional.dtd">
<html xmlns="http://www.w3.org/1999/xhtml" xml:lang="en" lang="en">
 <head>
  <title>
</title>
<meta http-equiv="Content-Type" content="text/html;charset=utf-8" />
  <meta name='ocr-system' content='tesseract 3.04.00' />
  <meta name='ocr-capabilities' content='ocr_page ocr_carea ocr_par ocr_line ocrx_word'/>
</head>
<body>
  <div class='ocr_page' id='page_1' title='image "./flaviiiosephiop00josegoog/flaviiiosephiop00josegoog_0240.png"; bbox 0 0 2500 3882; ppageno 0'>
   <div class='ocr_carea' id='block_1_1' title="bbox 283 178 1665 242">
    <p class='ocr_par' dir='ltr' id='par_1_1' title="bbox 283 136 1665 275">
     <span class='ocr_line' id='line_1_1' title="bbox 283 178 1665 242; baseline -0.007 0"><span class='ocrx_word' id='word_1_1' title='bbox 283 181 404 242; x_wconf 81' lang='lat'><strong><em>230</em></strong></span> <span class='ocrx_word' id='word_1_2' title='bbox 706 200 778 237; x_wconf 56' lang='grc' dir='ltr'><strong><em>,ι</em></strong></span> <span class='ocrx_word' id='word_1_3' title='bbox 925 178 1570 239; x_wconf 79' lang='grc' dir='ltr'><strong><em>ΑΡΧΑΙοΛοΓΙΑΣ</em></strong></span> <span class='ocrx_word' id='word_1_4' title='bbox 1656 222 1665 233; x_wconf 81' lang='grc'><strong><em>,</em></strong></span> 
     </span>
    </p>
   </div>
   <div class='ocr_carea' id='block_1_2' title="bbox 281 344 2338 853">
    <p class='ocr_par' dir='ltr' id='par_1_2' title="bbox 281 344 2338 852">
     <span class='ocr_line' id='line_1_2' title="bbox 281 344 2279 479; baseline -0.003 -56"><span class='ocrx_word' id='word_1_5' title='bbox 281 349 354 424; x_wconf 72' lang='grc' dir='ltr'><strong><em>’δ’</em></strong></span> <span class='ocrx_word' id='word_1_6' title='bbox 398 348 610 421; x_wconf 78' lang='grc' dir='ltr'><strong><em>αυτοῦ</em></strong></span> <span class='ocrx_word' id='word_1_7' title='bbox 633 348 774 440; x_wconf 85' lang='grc' dir='ltr'><strong><em>τὴν</em></strong></span> <span class='ocrx_word' id='word_1_8' title='bbox 814 347 1027 476; x_wconf 77' lang='grc' dir='ltr'><strong><em>ὀργὴν</em></strong></span> <span class='ocrx_word' id='word_1_9' title='bbox 1064 351 1176 419; x_wconf 79' lang='grc' dir='ltr'><strong><em>καὶ</em></strong></span> <span class='ocrx_word' id='word_1_10' title='bbox 1222 355 1299 420; x_wconf 79' lang='grc' dir='ltr'><strong><em>αἶ</em></strong></span> <span class='ocrx_word' id='word_1_11' title='bbox 1314 352 1595 477; x_wconf 78' lang='grc' dir='ltr'><strong><em>μητέρες</em></strong></span> <span class='ocrx_word' id='word_1_12' title='bbox 1634 355 1770 419; x_wconf 76' lang='grc' dir='ltr'><strong><em>τών</em></strong></span> <span class='ocrx_word' id='word_1_13' title='bbox 1798 345 1932 419; x_wconf 77' lang='grc' dir='ltr'><strong><em>ὑπὸ</em></strong></span> <span class='ocrx_word' id='word_1_14' title='bbox 1965 344 2279 479; x_wconf 87' lang='grc' dir='ltr'><strong><em>Ηρώδου</em></strong></span> 
     </span>
     <span class='ocr_line' id='line_1_3' title="bbox 287 445 2279 553; baseline -0.003 -26"><span class='ocrx_word' id='word_1_15' title='bbox 287 455 847 553; x_wconf 81' lang='grc' dir='ltr'><strong><em>πεφονευμένων</em></strong></span> <span class='ocrx_word' id='word_1_16' title='bbox 915 445 1116 523; x_wconf 81' lang='grc' dir='ltr'><strong><em>αὗται</em></strong></span> <span class='ocrx_word' id='word_1_17' title='bbox 1169 452 1299 542; x_wconf 74' lang='grc' dir='ltr'><strong><em>γᾴρ</em></strong></span> <span class='ocrx_word' id='word_1_18' title='bbox 1346 449 1508 523; x_wconf 85' lang='grc' dir='ltr'><strong><em>καθ’</em></strong></span> <span class='ocrx_word' id='word_1_19' title='bbox 1554 452 1838 540; x_wconf 81' lang='grc' dir='ltr'><strong><em>ἑκάστην</em></strong></span> <span class='ocrx_word' id='word_1_20' title='bbox 1890 448 2147 541; x_wconf 78' lang='grc' dir='ltr'><strong><em>ἡμέραν</em></strong></span> <span class='ocrx_word' id='word_1_21' title='bbox 2202 456 2279 522; x_wconf 86' lang='grc' dir='ltr'><strong><em>έν</em></strong></span> 
     </span>
     <span class='ocr_line' id='line_1_4' title="bbox 286 553 2279 652; baseline -0.002 -24"><span class='ocrx_word' id='word_1_22' title='bbox 286 564 378 652; x_wconf 73' lang='grc' dir='ltr'><strong><em>τῷ</em></strong></span> <span class='ocrx_word' id='word_1_23' title='bbox 408 563 565 650; x_wconf 74' lang='grc' dir='ltr'><strong><em>ἱερῷ</em></strong></span> <span class='ocrx_word' id='word_1_24' title='bbox 593 563 1098 646; x_wconf 66' lang='grc' dir='ltr'><strong><em>παρακαλοῦσαι</em></strong></span> <span class='ocrx_word' id='word_1_25' title='bbox 1125 554 1243 625; x_wconf 86' lang='grc' dir='ltr'><strong><em>τὸν</em></strong></span> <span class='ocrx_word' id='word_1_26' title='bbox 1265 557 1548 645; x_wconf 79' lang='grc' dir='ltr'><strong><em>βασιλέα</em></strong></span> <span class='ocrx_word' id='word_1_27' title='bbox 1587 559 1700 626; x_wconf 80' lang='grc' dir='ltr'><strong><em>καὶ</em></strong></span> <span class='ocrx_word' id='word_1_28' title='bbox 1734 553 1856 625; x_wconf 86' lang='grc' dir='ltr'><strong><em>τὸν</em></strong></span> <span class='ocrx_word' id='word_1_29' title='bbox 1885 560 2198 644; x_wconf 79' lang='grc' dir='ltr'><strong><em>δῆμον,”</em></strong></span> <span class='ocrx_word' id='word_1_30' title='bbox 2165 584 2279 625; x_wconf 89' lang='grc' dir='ltr'><strong><em>ινα</em></strong></span> 
     </span>
     <span class='ocr_line' id='line_1_5' title="bbox 288 654 2281 752; baseline -0.002 -21"><span class='ocrx_word' id='word_1_31' title='bbox 288 660 486 749; x_wconf 83' lang='grc' dir='ltr'><strong><em>δίκην</em></strong></span> <span class='ocrx_word' id='word_1_32' title='bbox 502 657 801 748; x_wconf 89' lang='grc' dir='ltr'><strong><em>Ηρώδης</em></strong></span> <span class='ocrx_word' id='word_1_33' title='bbox 829 663 902 728; x_wconf 84' lang='grc' dir='ltr'><strong><em>ἐν</em></strong></span> <span class='ocrx_word' id='word_1_34' title='bbox 930 665 1019 751; x_wconf 75' lang='grc' dir='ltr'><strong><em>τῷ</em></strong></span> <span class='ocrx_word' id='word_1_35' title='bbox 1047 664 1383 752; x_wconf 78' lang='grc' dir='ltr'><strong><em>συνεδρίω</em></strong></span> <span class='ocrx_word' id='word_1_36' title='bbox 1410 665 1547 728; x_wconf 73' lang='grc' dir='ltr'><strong><em>τῶν</em></strong></span> <span class='ocrx_word' id='word_1_37' title='bbox 1586 660 2074 749; x_wconf 70' lang='grc' dir='ltr'><strong><em>πεπραγμένων</em></strong></span> <span class='ocrx_word' id='word_1_38' title='bbox 2102 654 2281 728; x_wconf 77' lang='grc' dir='ltr'><strong><em>ὑπό-</em></strong></span> 
     </span>
     <span class='ocr_line' id='line_1_6' title="bbox 288 750 2338 853; baseline -0 -20"><span class='ocrx_word' id='word_1_39' title='bbox 288 789 449 853; x_wconf 73' lang='grc' dir='ltr'><strong><em>σχῃ,</em></strong></span> <span class='ocrx_word' id='word_1_40' title='bbox 506 750 866 833; x_wconf 76' lang='grc' dir='ltr'><strong><em>διετέλουν.</em></strong></span> <span class='ocrx_word' id='word_1_41' title='bbox 942 763 1250 850; x_wconf 82' lang='grc' dir='ltr'><strong><em>κινηθεὶς</em></strong></span> <span class='ocrx_word' id='word_1_42' title='bbox 1295 790 1422 831; x_wconf 91' lang='grc' dir='ltr'><strong><em>ουν</em></strong></span> <span class='ocrx_word' id='word_1_43' title='bbox 1468 758 1599 832; x_wconf 67' lang='lat' dir='ltr'><strong><em>vm}</em></strong></span> <span class='ocrx_word' id='word_1_44' title='bbox 1656 761 1916 831; x_wconf 87' lang='grc' dir='ltr'><strong><em>τούτων</em></strong></span> <span class='ocrx_word' id='word_1_45' title='bbox 1956 757 2288 852; x_wconf 70' lang='grc' dir='ltr'><strong><em>Ὑρκανὸς</em></strong></span> <span class='ocrx_word' id='word_1_46' title='bbox 2308 792 2338 832; x_wconf 82' lang='lat'>5</span> 
     </span>
    </p>
   </div>
   <div class='ocr_carea' id='block_1_3' title="bbox 165 856 2284 956">
    <p class='ocr_par' dir='ltr' id='par_1_3' title="bbox 165 856 2284 956">
     <span class='ocr_line' id='line_1_7' title="bbox 165 856 2284 956; baseline -0.001 -19"><span class='ocrx_word' id='word_1_47' title='bbox 165 866 178 870; x_wconf 44' lang='lat'><strong>⁴</strong></span> <span class='ocrx_word' id='word_1_48' title='bbox 277 863 585 956; x_wconf 87' lang='grc' dir='ltr'><strong><em>Ἡρώδην</em></strong></span> <span class='ocrx_word' id='word_1_49' title='bbox 612 864 832 934; x_wconf 78' lang='grc' dir='ltr'><strong><em>ἐκάλει</em></strong></span> <span class='ocrx_word' id='word_1_50' title='bbox 873 864 1317 954; x_wconf 85' lang='grc' dir='ltr'><strong><em>δικασόμενον</em></strong></span> <span class='ocrx_word' id='word_1_51' title='bbox 1345 860 1517 954; x_wconf 76' lang='grc' dir='ltr'><strong><em>ὑπερ</em></strong></span> <span class='ocrx_word' id='word_1_52' title='bbox 1548 892 1648 934; x_wconf 88' lang='grc' dir='ltr'><strong><em>ων</em></strong></span> <span class='ocrx_word' id='word_1_53' title='bbox 1674 856 2077 953; x_wconf 85' lang='grc' dir='ltr'><strong><em>διεβάλλετο.</em></strong></span> <span class='ocrx_word' id='word_1_54' title='bbox 2132 859 2173 934; x_wconf 84' lang='lat'><strong><em>6</em></strong></span> <span class='ocrx_word' id='word_1_55' title='bbox 2202 864 2284 934; x_wconf 69' lang='grc' dir='ltr'><strong><em>δὲ</em></strong></span> 
     </span>
    </p>
   </div>
   <div class='ocr_carea' id='block_1_4' title="bbox 196 960 2382 2296">
    <p class='ocr_par' dir='ltr' id='par_1_4' title="bbox 196 960 2382 2292">
     <span class='ocr_line' id='line_1_8' title="bbox 286 960 2289 1063; baseline -0.002 -24"><span class='ocrx_word' id='word_1_56' title='bbox 286 960 440 1058; x_wconf 81' lang='grc' dir='ltr'><strong><em>ἧκε,</em></strong></span> <span class='ocrx_word' id='word_1_57' title='bbox 497 975 617 1037; x_wconf 83' lang='grc' dir='ltr'><strong><em>τοῦ</em></strong></span> <span class='ocrx_word' id='word_1_58' title='bbox 659 965 907 1056; x_wconf 81' lang='grc' dir='ltr'><strong><em>πατρὸς</em></strong></span> <span class='ocrx_word' id='word_1_59' title='bbox 951 965 1135 1061; x_wconf 81' lang='grc' dir='ltr'><strong><em>αύτω</em></strong></span> <span class='ocrx_word' id='word_1_60' title='bbox 1178 971 1702 1063; x_wconf 84' lang='grc' dir='ltr'><strong><em>παραινέσαντος</em></strong></span> <span class='ocrx_word' id='word_1_61' title='bbox 1736 964 1828 1057; x_wconf 78' lang='grc' dir='ltr'><strong><em>μὴ</em></strong></span> <span class='ocrx_word' id='word_1_62' title='bbox 1870 995 1959 1047; x_wconf 86' lang='grc' dir='ltr'><strong><em>ως</em></strong></span> <span class='ocrx_word' id='word_1_63' title='bbox 2009 964 2289 1055; x_wconf 83' lang='grc' dir='ltr'><strong><em>ἰδιώτης</em></strong></span> 
     </span>
     <span class='ocr_line' id='line_1_9' title="bbox 287 1037 2309 1160; baseline -0.002 -19"><span class='ocrx_word' id='word_1_64' title='bbox 287 1068 453 1160; x_wconf 74' lang='grc' dir='ltr'><strong><em>μετὰ</em></strong></span> <span class='ocrx_word' id='word_1_65' title='bbox 482 1060 559 1139; x_wconf 73' lang='grc' dir='ltr'><strong><em>δὲ</em></strong></span> <span class='ocrx_word' id='word_1_66' title='bbox 585 1068 954 1157; x_wconf 82' lang='grc' dir='ltr'><strong><em>ἀσφαλείας</em></strong></span> <span class='ocrx_word' id='word_1_67' title='bbox 979 1037 1389 1160; x_wconf 80' lang='grc' dir='ltr'><strong><em>προσελθεῖν</em></strong></span> <span class='ocrx_word' id='word_1_68' title='bbox 1414 1072 1527 1141; x_wconf 78' lang='grc' dir='ltr'><strong><em>καὶ</em></strong></span> <span class='ocrx_word' id='word_1_69' title='bbox 1552 1064 1863 1158; x_wconf 83' lang='grc' dir='ltr'><strong><em>φυλακῆς</em></strong></span> <span class='ocrx_word' id='word_1_70' title='bbox 1881 1077 1997 1158; x_wconf 85' lang='grc' dir='ltr'><strong><em>τῆς</em></strong></span> <span class='ocrx_word' id='word_1_71' title='bbox 2016 1071 2170 1158; x_wconf 83' lang='grc' dir='ltr'><strong><em>περὶ</em></strong></span> <span class='ocrx_word' id='word_1_72' title='bbox 2199 1069 2309 1139; x_wconf 86' lang='grc' dir='ltr'><strong><em>τὸ</em></strong></span> 
     </span>
     <span class='ocr_line' id='line_1_10' title="bbox 290 1168 2283 1266; baseline -0.001 -23"><span class='ocrx_word' id='word_1_73' title='bbox 290 1180 512 1262; x_wconf 87' lang='grc' dir='ltr'><strong><em>σωμα,</em></strong></span> <span class='ocrx_word' id='word_1_74' title='bbox 565 1173 647 1243; x_wconf 90' lang='grc' dir='ltr'><strong><em>τά</em></strong></span> <span class='ocrx_word' id='word_1_75' title='bbox 700 1199 771 1241; x_wconf 89' lang='grc' dir='ltr'><strong><em>τε</em></strong></span> <span class='ocrx_word' id='word_1_76' title='bbox 798 1171 964 1247; x_wconf 81' lang='grc' dir='ltr'><strong><em>κατὰ</em></strong></span> <span class='ocrx_word' id='word_1_77' title='bbox 1017 1171 1139 1262; x_wconf 78' lang='grc' dir='ltr'><strong><em>τὴν</em></strong></span> <span class='ocrx_word' id='word_1_78' title='bbox 1192 1180 1559 1244; x_wconf 88' lang='grc' dir='ltr'><strong><em>Γαλιλαίαν</em></strong></span> <span class='ocrx_word' id='word_1_79' title='bbox 1611 1169 1692 1247; x_wconf 80' lang='grc' dir='ltr'><strong><em>ὃν</em></strong></span> <span class='ocrx_word' id='word_1_80' title='bbox 1736 1172 2044 1261; x_wconf 79' lang='grc' dir='ltr'><strong><em>ἐνόμισεν</em></strong></span> <span class='ocrx_word' id='word_1_81' title='bbox 2092 1168 2283 1266; x_wconf 75' lang='grc' dir='ltr'><strong><em>αὐτῷ</em></strong></span> 
     </span>
     <span class='ocr_line' id='line_1_11' title="bbox 290 1271 2379 1402; baseline -0.001 -56"><span class='ocrx_word' id='word_1_82' title='bbox 290 1278 663 1366; x_wconf 83' lang='grc' dir='ltr'><strong><em>συμφέρειν</em></strong></span> <span class='ocrx_word' id='word_1_83' title='bbox 689 1275 943 1365; x_wconf 85' lang='grc' dir='ltr'><strong><em>τρόπον</em></strong></span> <span class='ocrx_word' id='word_1_84' title='bbox 956 1271 1448 1402; x_wconf 76' lang='grc' dir='ltr'><strong><em>ἁρμοσάμενος,</em></strong></span> <span class='ocrx_word' id='word_1_85' title='bbox 1477 1277 1590 1347; x_wconf 83' lang='grc' dir='ltr'><strong><em>καὶ</em></strong></span> <span class='ocrx_word' id='word_1_86' title='bbox 1616 1274 1779 1363; x_wconf 77' lang='grc' dir='ltr'><strong><em>μετὰ</em></strong></span> <span class='ocrx_word' id='word_1_87' title='bbox 1800 1272 2140 1363; x_wconf 88' lang='grc' dir='ltr'><strong><em>στίφους’</em></strong></span> <span class='ocrx_word' id='word_1_88' title='bbox 2102 1301 2283 1345; x_wconf 84' lang='grc' dir='ltr'><strong><em>απο-</em></strong></span> <span class='ocrx_word' id='word_1_89' title='bbox 2324 1303 2379 1346; x_wconf 78' lang='grc' dir='ltr'><strong><em>ιο</em></strong></span> 
     </span>
     <span class='ocr_line' id='line_1_12' title="bbox 196 1375 2286 1477; baseline -0.001 -28"><span class='ocrx_word' id='word_1_90' title='bbox 196 1439 204 1449; x_wconf 91' lang='grc'><strong><em>.</em></strong></span> <span class='ocrx_word' id='word_1_91' title='bbox 289 1407 585 1477; x_wconf 87' lang='grc' dir='ltr'><strong><em>χρωντος</em></strong></span> <span class='ocrx_word' id='word_1_92' title='bbox 624 1375 806 1472; x_wconf 82' lang='grc' dir='ltr'><strong><em>αὐτω</em></strong></span> <span class='ocrx_word' id='word_1_93' title='bbox 849 1377 1015 1469; x_wconf 81' lang='grc' dir='ltr'><strong><em>πρὸς</em></strong></span> <span class='ocrx_word' id='word_1_94' title='bbox 1043 1377 1180 1468; x_wconf 79' lang='grc' dir='ltr'><strong><em>τὴν</em></strong></span> <span class='ocrx_word' id='word_1_95' title='bbox 1218 1376 1416 1468; x_wconf 85' lang='grc' dir='ltr'><strong><em>ὁδόν,</em></strong></span> <span class='ocrx_word' id='word_1_96' title='bbox 1455 1376 1544 1462; x_wconf 78' lang='grc' dir='ltr'><strong><em>ὡς</em></strong></span> <span class='ocrx_word' id='word_1_97' title='bbox 1582 1378 1744 1468; x_wconf 77' lang='grc' dir='ltr'><strong><em>μήτε</em></strong></span> <span class='ocrx_word' id='word_1_98' title='bbox 1776 1382 2101 1468; x_wconf 80' lang='grc' dir='ltr'><strong><em>’ἐπίφοβος</em></strong></span> <span class='ocrx_word' id='word_1_99' title='bbox 2124 1375 2286 1467; x_wconf 76' lang='grc' dir='ltr'><strong><em>Τρ-</em></strong></span> 
     </span>
     <span class='ocr_line' id='line_1_13' title="bbox 290 1479 2284 1575; baseline -0.001 -24"><span class='ocrx_word' id='word_1_100' title='bbox 290 1490 474 1575; x_wconf 75' lang='lat' dir='ltr'><strong><em>uav93</em></strong></span> <span class='ocrx_word' id='word_1_101' title='bbox 515 1479 729 1565; x_wconf 84' lang='grc' dir='ltr'><strong><em>δόξειε</em></strong></span> <span class='ocrx_word' id='word_1_102' title='bbox 782 1480 945 1570; x_wconf 75' lang='grc' dir='ltr'><strong><em>μετὰ</em></strong></span> <span class='ocrx_word' id='word_1_103' title='bbox 988 1490 1289 1571; x_wconf 82' lang='grc' dir='ltr'><strong><em>μείζονος</em></strong></span> <span class='ocrx_word' id='word_1_104' title='bbox 1341 1479 1873 1575; x_wconf 76' lang='grc' dir='ltr'><strong><em>παραγινόμενος</em></strong></span> <span class='ocrx_word' id='word_1_105' title='bbox 1929 1481 2284 1570; x_wconf 79' lang='grc' dir='ltr'><strong><em>τάγματος,</em></strong></span> 
     </span>
     <span class='ocr_line' id='line_1_14' title="bbox 285 1582 2287 1675; baseline 0 -22"><span class='ocrx_word' id='word_1_106' title='bbox 285 1582 452 1672; x_wconf 82' lang='grc' dir='ltr'><strong><em>μήτε</em></strong></span> <span class='ocrx_word' id='word_1_107' title='bbox 480 1583 732 1672; x_wconf 85' lang='grc' dir='ltr'><strong><em>γυμνὸς</em></strong></span> <span class='ocrx_word' id='word_1_108' title='bbox 758 1587 871 1653; x_wconf 88' lang='grc' dir='ltr'><strong><em>καὶ</em></strong></span> <span class='ocrx_word' id='word_1_109' title='bbox 897 1582 1282 1672; x_wconf 71' lang='grc' dir='ltr'><strong><em>ἀφύλακτος</em></strong></span> <span class='ocrx_word' id='word_1_110' title='bbox 1305 1596 1406 1674; x_wconf 72' lang='grc' dir='ltr'><strong><em>εἴη</em></strong></span> <span class='ocrx_word' id='word_1_111' title='bbox 1436 1584 1602 1675; x_wconf 86' lang='grc' dir='ltr'><strong><em>πρὸς</em></strong></span> <span class='ocrx_word' id='word_1_112' title='bbox 1627 1583 1753 1673; x_wconf 87' lang='grc' dir='ltr'><strong><em>τὴν</em></strong></span> <span class='ocrx_word' id='word_1_113' title='bbox 1774 1589 1994 1673; x_wconf 86' lang='grc' dir='ltr'><strong><em>δίκην.</em></strong></span> <span class='ocrx_word' id='word_1_114' title='bbox 2032 1587 2287 1667; x_wconf 82' lang='grc' dir='ltr'><strong><em>Σέξτος</em></strong></span> 
     </span>
     <span class='ocr_line' id='line_1_15' title="bbox 287 1683 2287 1787; baseline 0 -32"><span class='ocrx_word' id='word_1_115' title='bbox 287 1688 548 1773; x_wconf 87' lang='grc' dir='ltr'><strong><em>μέντοι,</em></strong></span> <span class='ocrx_word' id='word_1_116' title='bbox 588 1683 624 1755; x_wconf 88' lang='lat'><strong><em>6</em></strong></span> <span class='ocrx_word' id='word_1_117' title='bbox 656 1693 772 1775; x_wconf 85' lang='grc' dir='ltr'><strong><em>τῆς</em></strong></span> <span class='ocrx_word' id='word_1_118' title='bbox 808 1694 1064 1775; x_wconf 71' lang='grc' dir='ltr'><strong><em>Συρίας</em></strong></span> <span class='ocrx_word' id='word_1_119' title='bbox 1095 1684 1397 1787; x_wconf 80' lang='grc' dir='ltr'><strong><em>ἡγεμών,</em></strong></span> <span class='ocrx_word' id='word_1_120' title='bbox 1427 1687 1672 1778; x_wconf 88' lang='grc' dir='ltr'><strong><em>γράφει</em></strong></span> <span class='ocrx_word' id='word_1_121' title='bbox 1702 1694 2109 1776; x_wconf 74' lang='grc' dir='ltr'><strong><em>παρακαλῶν</em></strong></span> <span class='ocrx_word' id='word_1_122' title='bbox 2125 1683 2287 1777; x_wconf 63' lang='grc' dir='ltr'><strong><em>’Τρ-</em></strong></span> 
     </span>
     <span class='ocr_line' id='line_1_16' title="bbox 290 1784 2382 1880; baseline 0.003 -22"><span class='ocrx_word' id='word_1_123' title='bbox 290 1786 500 1858; x_wconf 89' lang='grc' dir='ltr'><strong><em>κανὸν</em></strong></span> <span class='ocrx_word' id='word_1_124' title='bbox 527 1784 856 1859; x_wconf 77' lang='grc' dir='ltr'><strong><em>ἀπολῦσαι</em></strong></span> <span class='ocrx_word' id='word_1_125' title='bbox 898 1787 1016 1858; x_wconf 81' lang='grc' dir='ltr'><strong><em>τὸν</em></strong></span> <span class='ocrx_word' id='word_1_126' title='bbox 1046 1786 1353 1880; x_wconf 89' lang='grc' dir='ltr'><strong><em>Ἡρώδην</em></strong></span> <span class='ocrx_word' id='word_1_127' title='bbox 1382 1794 1454 1860; x_wconf 81' lang='grc' dir='ltr'><strong><em>ἐκ</em></strong></span> <span class='ocrx_word' id='word_1_128' title='bbox 1492 1797 1605 1879; x_wconf 80' lang='grc' dir='ltr'><strong><em>τῆς</em></strong></span> <span class='ocrx_word' id='word_1_129' title='bbox 1645 1796 1863 1879; x_wconf 82' lang='grc' dir='ltr'><strong><em>δίκης,</em></strong></span> <span class='ocrx_word' id='word_1_130' title='bbox 1903 1792 2016 1860; x_wconf 82' lang='grc' dir='ltr'><strong><em>καὶ</em></strong></span> <span class='ocrx_word' id='word_1_131' title='bbox 2064 1811 2285 1879; x_wconf 87' lang='grc' dir='ltr'><strong><em>προσ-</em></strong></span> <span class='ocrx_word' id='word_1_132' title='bbox 2327 1824 2382 1864; x_wconf 69' lang='grc' dir='ltr'><strong><em>ιε</em></strong></span> 
     </span>
     <span class='ocr_line' id='line_1_17' title="bbox 267 1876 2282 1988; baseline 0.001 -27"><span class='ocrx_word' id='word_1_133' title='bbox 267 1876 585 1962; x_wconf 76' lang='grc' dir='ltr'><strong><em>ἀπειλῶν</em></strong></span> <span class='ocrx_word' id='word_1_134' title='bbox 612 1891 1126 1981; x_wconf 83' lang='grc' dir='ltr'><strong><em>παρακούσαντι.</em></strong></span> <span class='ocrx_word' id='word_1_135' title='bbox 1188 1901 1281 1988; x_wconf 75' lang='grc' dir='ltr'><strong><em>τῷ</em></strong></span> <span class='ocrx_word' id='word_1_136' title='bbox 1311 1890 1375 1963; x_wconf 89' lang='lat'><strong><em>6’</em></strong></span> <span class='ocrx_word' id='word_1_137' title='bbox 1407 1883 1494 1983; x_wconf 84' lang='grc' dir='ltr'><strong><em>ην</em></strong></span> <span class='ocrx_word' id='word_1_138' title='bbox 1524 1890 1793 1984; x_wconf 84' lang='grc' dir='ltr'><strong><em>ἀφορμὴ</em></strong></span> <span class='ocrx_word' id='word_1_139' title='bbox 1825 1895 1939 1963; x_wconf 86' lang='grc' dir='ltr'><strong><em>καὶ</em></strong></span> <span class='ocrx_word' id='word_1_140' title='bbox 1981 1891 2061 1963; x_wconf 78' lang='grc' dir='ltr'><strong><em>τὰ</em></strong></span> <span class='ocrx_word' id='word_1_141' title='bbox 2089 1891 2282 1983; x_wconf 80' lang='grc' dir='ltr'><strong><em>παρὰ</em></strong></span> 
     </span>
     <span class='ocr_line' id='line_1_18' title="bbox 289 1995 2286 2123; baseline 0.002 -59"><span class='ocrx_word' id='word_1_142' title='bbox 289 2001 412 2064; x_wconf 81' lang='grc' dir='ltr'><strong><em>τοῦ</em></strong></span> <span class='ocrx_word' id='word_1_143' title='bbox 441 1997 694 2079; x_wconf 84' lang='grc' dir='ltr'><strong><em>Σέξτου</em></strong></span> <span class='ocrx_word' id='word_1_144' title='bbox 723 1996 1072 2123; x_wconf 89' lang='grc' dir='ltr'><strong><em>γράμματα</em></strong></span> <span class='ocrx_word' id='word_1_145' title='bbox 1098 1996 1267 2086; x_wconf 79' lang='grc' dir='ltr'><strong><em>πρὸς</em></strong></span> <span class='ocrx_word' id='word_1_146' title='bbox 1292 1995 1367 2067; x_wconf 81' lang='grc' dir='ltr'><strong><em>τὸ</em></strong></span> <span class='ocrx_word' id='word_1_147' title='bbox 1398 1998 1609 2086; x_wconf 86' lang='grc' dir='ltr'><strong><em>μηδεν</em></strong></span> <span class='ocrx_word' id='word_1_148' title='bbox 1635 2002 1709 2067; x_wconf 81' lang='grc' dir='ltr'><strong><em>ἐκ</em></strong></span> <span class='ocrx_word' id='word_1_149' title='bbox 1743 2003 1865 2067; x_wconf 86' lang='grc' dir='ltr'><strong><em>τοῦ</em></strong></span> <span class='ocrx_word' id='word_1_150' title='bbox 1905 2002 2286 2086; x_wconf 87' lang='grc' dir='ltr'><strong><em>συνεδρίου</em></strong></span> 
     </span>
     <span class='ocr_line' id='line_1_19' title="bbox 290 2095 2286 2189; baseline 0 -21"><span class='ocrx_word' id='word_1_151' title='bbox 290 2098 600 2184; x_wconf 77' lang='grc' dir='ltr'><strong><em>παθόντα</em></strong></span> <span class='ocrx_word' id='word_1_152' title='bbox 628 2095 961 2170; x_wconf 81' lang='grc' dir='ltr'><strong><em>ἀπολῦσαι</em></strong></span> <span class='ocrx_word' id='word_1_153' title='bbox 988 2099 1107 2170; x_wconf 81' lang='grc' dir='ltr'><strong><em>τὸν</em></strong></span> <span class='ocrx_word' id='word_1_154' title='bbox 1125 2097 1467 2189; x_wconf 88' lang='grc' dir='ltr'><strong><em>Ἡρώδην·</em></strong></span> <span class='ocrx_word' id='word_1_155' title='bbox 1525 2098 1748 2189; x_wconf 83' lang='grc' dir='ltr'><strong><em>ἠγάπα</em></strong></span> <span class='ocrx_word' id='word_1_156' title='bbox 1775 2097 1903 2188; x_wconf 80' lang='grc' dir='ltr'><strong><em>γὰρ</em></strong></span> <span class='ocrx_word' id='word_1_157' title='bbox 1945 2096 2155 2169; x_wconf 75' lang='grc' dir='ltr'><strong><em>αὐτὸν</em></strong></span> <span class='ocrx_word' id='word_1_158' title='bbox 2185 2096 2286 2181; x_wconf 77' lang='grc' dir='ltr'><strong><em>ὥς</em></strong></span> 
     </span>
     <span class='ocr_line' id='line_1_20' title="bbox 288 2198 2283 2296; baseline 0.001 -26"><span class='ocrx_word' id='word_1_159' title='bbox 288 2200 463 2274; x_wconf 78' lang='grc' dir='ltr'><strong><em>υἱόν.</em></strong></span> <span class='ocrx_word' id='word_1_160' title='bbox 517 2201 856 2286; x_wconf 75' lang='grc' dir='ltr'><strong><em>καταστὰς</em></strong></span> <span class='ocrx_word' id='word_1_161' title='bbox 877 2204 951 2272; x_wconf 77' lang='grc' dir='ltr'><strong><em>δὲ</em></strong></span> <span class='ocrx_word' id='word_1_162' title='bbox 980 2206 1053 2273; x_wconf 80' lang='grc' dir='ltr'><strong><em>έν</em></strong></span> <span class='ocrx_word' id='word_1_163' title='bbox 1080 2211 1171 2296; x_wconf 77' lang='grc' dir='ltr'><strong><em>τῷ</em></strong></span> <span class='ocrx_word' id='word_1_164' title='bbox 1211 2210 1549 2296; x_wconf 86' lang='grc' dir='ltr'><strong><em>συνεδρίω</em></strong></span> <span class='ocrx_word' id='word_1_165' title='bbox 1582 2202 1746 2291; x_wconf 82' lang='grc' dir='ltr'><strong><em>μετὰ</em></strong></span> <span class='ocrx_word' id='word_1_166' title='bbox 1773 2209 1896 2272; x_wconf 85' lang='grc' dir='ltr'><strong><em>τοῦ</em></strong></span> <span class='ocrx_word' id='word_1_167' title='bbox 1931 2200 2063 2273; x_wconf 75' lang='grc' dir='ltr'><strong><em>σὺν</em></strong></span> <span class='ocrx_word' id='word_1_168' title='bbox 2088 2198 2283 2272; x_wconf 56' lang='lat' dir='ltr'><strong><em>afim</em></strong></span> 
     </span>
    </p>
   </div>
   <div class='ocr_carea' id='block_1_5' title="bbox 284 2302 2489 2406">
    <p class='ocr_par' dir='ltr' id='par_1_5' title="bbox 284 2302 2489 2406">
     <span class='ocr_line' id='line_1_21' title="bbox 284 2302 2489 2406; baseline 0.002 -34"><span class='ocrx_word' id='word_1_169' title='bbox 284 2303 606 2402; x_wconf 81' lang='grc' dir='ltr'><strong><em>τάγματος</em></strong></span> <span class='ocrx_word' id='word_1_170' title='bbox 623 2302 923 2395; x_wconf 88' lang='grc' dir='ltr'><strong><em>Ἡρώδης</em></strong></span> <span class='ocrx_word' id='word_1_171' title='bbox 948 2303 1425 2396; x_wconf 81' lang='grc' dir='ltr'><strong><em>κατέπληξεν</em></strong></span> <span class='ocrx_word' id='word_1_172' title='bbox 1382 2333 1705 2392; x_wconf 89' lang='grc' dir='ltr'><strong><em>απαντας,</em></strong></span> <span class='ocrx_word' id='word_1_173' title='bbox 1734 2307 1847 2376; x_wconf 84' lang='grc' dir='ltr'><strong><em>καὶ</em></strong></span> <span class='ocrx_word' id='word_1_174' title='bbox 1873 2322 2282 2406; x_wconf 83' lang='grc' dir='ltr'><strong><em>κατηγορεῖν</em></strong></span> <span class='ocrx_word' id='word_1_175' title='bbox 2320 2336 2381 2376; x_wconf 76' lang='lat'><strong><em>20</em></strong></span> <span class='ocrx_word' id='word_1_176' title='bbox 2488 2379 2489 2394; x_wconf 13' lang='grc' dir='ltr'>χ</span> 
     </span>
    </p>
   </div>
   <div class='ocr_carea' id='block_1_6' title="bbox 283 2399 2396 3636">
    <p class='ocr_par' dir='ltr' id='par_1_6' title="bbox 283 2399 2396 3521">
     <span class='ocr_line' id='line_1_22' title="bbox 286 2399 2285 2499; baseline 0.002 -26"><span class='ocrx_word' id='word_1_177' title='bbox 286 2399 563 2494; x_wconf 75' lang='grc' dir='ltr'><strong><em>ἐθάρρει</em></strong></span> <span class='ocrx_word' id='word_1_178' title='bbox 587 2405 660 2476; x_wconf 79' lang='grc' dir='ltr'><strong><em>τὸ</em></strong></span> <span class='ocrx_word' id='word_1_179' title='bbox 706 2406 945 2477; x_wconf 83' lang='grc' dir='ltr'><strong><em>λοιπὸν</em></strong></span> <span class='ocrx_word' id='word_1_180' title='bbox 974 2406 1216 2490; x_wconf 75' lang='grc' dir='ltr'><strong><em>οὐδεὶς</em></strong></span> <span class='ocrx_word' id='word_1_181' title='bbox 1227 2417 1364 2478; x_wconf 86' lang='grc' dir='ltr'><strong><em>τών</em></strong></span> <span class='ocrx_word' id='word_1_182' title='bbox 1391 2411 1554 2499; x_wconf 85' lang='grc' dir='ltr'><strong><em>πρὶν</em></strong></span> <span class='ocrx_word' id='word_1_183' title='bbox 1597 2405 1963 2496; x_wconf 79' lang='grc' dir='ltr'><strong><em>ἀφικέσθαι</em></strong></span> <span class='ocrx_word' id='word_1_184' title='bbox 1991 2413 2285 2497; x_wconf 87' lang='grc' dir='ltr'><strong><em>διαβαλ-</em></strong></span> 
     </span>
     <span class='ocr_line' id='line_1_23' title="bbox 286 2498 2284 2600; baseline 0.003 -25"><span class='ocrx_word' id='word_1_185' title='bbox 286 2506 576 2593; x_wconf 85' lang='grc' dir='ltr'><strong><em>λόντων,</em></strong></span> <span class='ocrx_word' id='word_1_186' title='bbox 623 2505 772 2577; x_wconf 87' lang='grc' dir='ltr'><strong><em>ἀλλ’</em></strong></span> <span class='ocrx_word' id='word_1_187' title='bbox 816 2498 903 2594; x_wconf 82' lang='grc' dir='ltr'><strong><em>ἦν</em></strong></span> <span class='ocrx_word' id='word_1_188' title='bbox 930 2505 1190 2596; x_wconf 81' lang='grc' dir='ltr'><strong><em>ἡσυχία-</em></strong></span> <span class='ocrx_word' id='word_1_189' title='bbox 1213 2513 1326 2579; x_wconf 85' lang='grc' dir='ltr'><strong><em>καὶ</em></strong></span> <span class='ocrx_word' id='word_1_190' title='bbox 1356 2518 1476 2579; x_wconf 85' lang='grc' dir='ltr'><strong><em>τοῦ</em></strong></span> <span class='ocrx_word' id='word_1_191' title='bbox 1503 2517 1574 2581; x_wconf 92' lang='grc' dir='ltr'><strong><em>τί</em></strong></span> <span class='ocrx_word' id='word_1_192' title='bbox 1601 2509 1727 2600; x_wconf 86' lang='grc' dir='ltr'><strong><em>χρὴ</em></strong></span> <span class='ocrx_word' id='word_1_193' title='bbox 1760 2526 1977 2588; x_wconf 81' lang='grc' dir='ltr'><strong><em>ποιεῖν</em></strong></span> <span class='ocrx_word' id='word_1_194' title='bbox 2005 2507 2284 2597; x_wconf 86' lang='grc' dir='ltr'><strong><em>ἀπορία.</em></strong></span> 
     </span>
     <span class='ocr_line' id='line_1_24' title="bbox 286 2605 2285 2701; baseline 0.003 -23"><span class='ocrx_word' id='word_1_195' title='bbox 286 2610 724 2697; x_wconf 83' lang='grc' dir='ltr'><strong><em>διακειμένων</em></strong></span> <span class='ocrx_word' id='word_1_196' title='bbox 753 2606 818 2679; x_wconf 86' lang='grc' dir='ltr'><strong><em>δ’</em></strong></span> <span class='ocrx_word' id='word_1_197' title='bbox 853 2606 1097 2698; x_wconf 76' lang='grc' dir='ltr'><strong><em>οὕτως,</em></strong></span> <span class='ocrx_word' id='word_1_198' title='bbox 1129 2605 1234 2692; x_wconf 85' lang='grc' dir='ltr'><strong><em>εἷς·</em></strong></span> <span class='ocrx_word' id='word_1_199' title='bbox 1248 2640 1367 2690; x_wconf 86' lang='grc' dir='ltr'><strong><em>τις</em></strong></span> <span class='ocrx_word' id='word_1_200' title='bbox 1378 2615 1639 2700; x_wconf 88' lang='grc' dir='ltr'><strong><em>Σαμέας</em></strong></span> <span class='ocrx_word' id='word_1_201' title='bbox 1668 2640 1986 2701; x_wconf 91' lang='grc' dir='ltr'><strong><em>τουνομα,</em></strong></span> <span class='ocrx_word' id='word_1_202' title='bbox 2015 2618 2285 2697; x_wconf 83' lang='grc' dir='ltr'><strong><em>δίκαιος</em></strong></span> 
     </span>
     <span class='ocr_line' id='line_1_25' title="bbox 286 2709 2283 2803; baseline 0.003 -22"><span class='ocrx_word' id='word_1_203' title='bbox 286 2709 457 2803; x_wconf 84' lang='grc' dir='ltr'><strong><em>ἀνὴρ</em></strong></span> <span class='ocrx_word' id='word_1_204' title='bbox 484 2715 596 2794; x_wconf 80' lang='grc' dir='ltr'><strong><em>καὶ</em></strong></span> <span class='ocrx_word' id='word_1_205' title='bbox 624 2710 737 2782; x_wconf 81' lang='grc' dir='ltr'><strong><em>διὰ</em></strong></span> <span class='ocrx_word' id='word_1_206' title='bbox 766 2718 962 2782; x_wconf 85' lang='grc' dir='ltr'><strong><em>τοῦτο</em></strong></span> <span class='ocrx_word' id='word_1_207' title='bbox 990 2720 1111 2782; x_wconf 84' lang='grc' dir='ltr'><strong><em>τοῦ</em></strong></span> <span class='ocrx_word' id='word_1_208' title='bbox 1140 2715 1435 2783; x_wconf 88' lang='grc' dir='ltr'><strong><em>δεδιέναι</em></strong></span> <span class='ocrx_word' id='word_1_209' title='bbox 1463 2721 1818 2802; x_wconf 84' lang='grc' dir='ltr'><strong><em>κρείττων,</em></strong></span> <span class='ocrx_word' id='word_1_210' title='bbox 1850 2711 2137 2795; x_wconf 79' lang='grc' dir='ltr'><strong><em>ἀναστὰς</em></strong></span> <span class='ocrx_word' id='word_1_211' title='bbox 2176 2715 2283 2786; x_wconf 79' lang='grc' dir='ltr'><strong><em>εἶ-</em></strong></span> 
     </span>
     <span class='ocr_line' id='line_1_26' title="bbox 283 2812 2389 2905; baseline 0.002 -18"><span class='ocrx_word' id='word_1_212' title='bbox 283 2812 714 2905; x_wconf 74' lang='grc' dir='ltr'><strong><em>πεν“ὂὶνδρες</em></strong></span> <span class='ocrx_word' id='word_1_213' title='bbox 741 2814 1058 2903; x_wconf 83' lang='grc' dir='ltr'><strong><em>σύνεδροι</em></strong></span> <span class='ocrx_word' id='word_1_214' title='bbox 1086 2818 1197 2885; x_wconf 81' lang='grc' dir='ltr'><strong><em>καὶ</em></strong></span> <span class='ocrx_word' id='word_1_215' title='bbox 1235 2822 1554 2905; x_wconf 83' lang='grc' dir='ltr'><strong><em>βασιλεῦ,</em></strong></span> <span class='ocrx_word' id='word_1_216' title='bbox 1597 2822 1690 2898; x_wconf 78' lang='grc' dir='ltr'><strong><em>εἰς</em></strong></span> <span class='ocrx_word' id='word_1_217' title='bbox 1725 2822 1924 2905; x_wconf 85' lang='grc' dir='ltr'><strong><em>δίκην</em></strong></span> <span class='ocrx_word' id='word_1_218' title='bbox 1962 2818 2087 2905; x_wconf 73' lang='grc' dir='ltr'><strong><em>μὲν</em></strong></span> <span class='ocrx_word' id='word_1_219' title='bbox 2114 2815 2272 2889; x_wconf 73' lang='grc' dir='ltr'><strong><em>οὔτ’</em></strong></span> <span class='ocrx_word' id='word_1_220' title='bbox 2320 2850 2389 2893; x_wconf 73' lang='lat'><strong><em>25</em></strong></span> 
     </span>
     <span class='ocr_line' id='line_1_27' title="bbox 285 2915 2286 3010; baseline -0 -20"><span class='ocrx_word' id='word_1_221' title='bbox 285 2916 486 3001; x_wconf 78' lang='grc' dir='ltr'><strong><em>αὐτὸς</em></strong></span> <span class='ocrx_word' id='word_1_222' title='bbox 515 2918 667 2989; x_wconf 85' lang='grc' dir='ltr'><strong><em>οἶδά</em></strong></span> <span class='ocrx_word' id='word_1_223' title='bbox 692 2947 841 2989; x_wconf 90' lang='grc' dir='ltr'><strong><em>τινα</em></strong></span> <span class='ocrx_word' id='word_1_224' title='bbox 870 2924 1007 2988; x_wconf 75' lang='grc' dir='ltr'><strong><em>τῶν</em></strong></span> <span class='ocrx_word' id='word_1_225' title='bbox 1033 2918 1299 2989; x_wconf 87' lang='grc' dir='ltr'><strong><em>πώποτε</em></strong></span> <span class='ocrx_word' id='word_1_226' title='bbox 1327 2915 1442 2988; x_wconf 80' lang='grc' dir='ltr'><strong><em>ὑπ’</em></strong></span> <span class='ocrx_word' id='word_1_227' title='bbox 1477 2915 1682 3007; x_wconf 79' lang='grc' dir='ltr'><strong><em>αὐτῆς</em></strong></span> <span class='ocrx_word' id='word_1_228' title='bbox 1714 2925 1807 2999; x_wconf 84' lang='grc' dir='ltr'><strong><em>εἰς</em></strong></span> <span class='ocrx_word' id='word_1_229' title='bbox 1835 2916 2009 3008; x_wconf 79' lang='grc' dir='ltr'><strong><em>ἡμᾶς’</em></strong></span> <span class='ocrx_word' id='word_1_230' title='bbox 2031 2929 2286 3010; x_wconf 80' lang='grc' dir='ltr'><strong><em>κεκλη-</em></strong></span> 
     </span>
     <span class='ocr_line' id='line_1_28' title="bbox 284 3017 2287 3112; baseline 0 -19"><span class='ocrx_word' id='word_1_231' title='bbox 284 3025 509 3112; x_wconf 83' lang='grc' dir='ltr'><strong><em>μένων</em></strong></span> <span class='ocrx_word' id='word_1_232' title='bbox 535 3019 711 3093; x_wconf 77' lang='grc' dir='ltr'><strong><em>οὕτω</em></strong></span> <span class='ocrx_word' id='word_1_233' title='bbox 751 3021 1177 3111; x_wconf 88' lang='grc' dir='ltr'><strong><em>παραστάντα</em></strong></span> <span class='ocrx_word' id='word_1_234' title='bbox 1195 3074 1214 3109; x_wconf 90' lang='grc'><strong><em>,</em></strong></span> <span class='ocrx_word' id='word_1_235' title='bbox 1244 3019 1402 3092; x_wconf 74' lang='grc' dir='ltr'><strong><em>οὔτε</em></strong></span> <span class='ocrx_word' id='word_1_236' title='bbox 1438 3017 1610 3109; x_wconf 79' lang='grc' dir='ltr'><strong><em>ὑμᾶς</em></strong></span> <span class='ocrx_word' id='word_1_237' title='bbox 1652 3027 1828 3108; x_wconf 77' lang='grc' dir='ltr'><strong><em>ἔχειν</em></strong></span> <span class='ocrx_word' id='word_1_238' title='bbox 1857 3028 2074 3092; x_wconf 80' lang='grc' dir='ltr'><strong><em>εἰπεῖν</em></strong></span> <span class='ocrx_word' id='word_1_239' title='bbox 2099 3019 2287 3093; x_wconf 79' lang='grc' dir='ltr'><strong><em>ὑπο-</em></strong></span> 
     </span>
     <span class='ocr_line' id='line_1_29' title="bbox 286 3113 2287 3214; baseline 0.002 -23"><span class='ocrx_word' id='word_1_240' title='bbox 286 3123 625 3214; x_wconf 84' lang='grc' dir='ltr'><strong><em>λαμβάνω,</em></strong></span> <span class='ocrx_word' id='word_1_241' title='bbox 656 3122 825 3210; x_wconf 59' lang='grc' dir='ltr'><strong><em>ἀλλὰ</em></strong></span> <span class='ocrx_word' id='word_1_242' title='bbox 852 3130 979 3206; x_wconf 80' lang='grc' dir='ltr'><strong><em>πᾶς</em></strong></span> <span class='ocrx_word' id='word_1_243' title='bbox 1008 3120 1187 3205; x_wconf 80' lang='grc' dir='ltr'><strong><em>ὅστις</em></strong></span> <span class='ocrx_word' id='word_1_244' title='bbox 1215 3122 1301 3213; x_wconf 84' lang='grc' dir='ltr'><strong><em>δή</em></strong></span> <span class='ocrx_word' id='word_1_245' title='bbox 1332 3120 1480 3193; x_wconf 84' lang='grc' dir='ltr'><strong><em>ποτ’</em></strong></span> <span class='ocrx_word' id='word_1_246' title='bbox 1498 3113 1627 3193; x_wconf 78' lang='grc' dir='ltr'><strong><em>οὖν</em></strong></span> <span class='ocrx_word' id='word_1_247' title='bbox 1653 3121 1927 3213; x_wconf 87' lang='grc' dir='ltr'><strong><em>ἀφῖκται</em></strong></span> <span class='ocrx_word' id='word_1_248' title='bbox 1957 3130 2053 3205; x_wconf 84' lang='grc' dir='ltr'><strong><em>εἰς</em></strong></span> <span class='ocrx_word' id='word_1_249' title='bbox 2071 3133 2287 3196; x_wconf 79' lang='grc' dir='ltr'><strong><em>τοῦτο</em></strong></span> 
     </span>
     <span class='ocr_line' id='line_1_30' title="bbox 286 3222 2288 3317; baseline 0.005 -28"><span class='ocrx_word' id='word_1_250' title='bbox 286 3222 361 3290; x_wconf 83' lang='grc' dir='ltr'><strong><em>τὸ</em></strong></span> <span class='ocrx_word' id='word_1_251' title='bbox 407 3229 766 3317; x_wconf 82' lang='grc' dir='ltr'><strong><em>’συνέδριον</em></strong></span> <span class='ocrx_word' id='word_1_252' title='bbox 800 3227 1326 3316; x_wconf 82' lang='grc' dir='ltr'><strong><em>κριθησόμενος,</em></strong></span> <span class='ocrx_word' id='word_1_253' title='bbox 1369 3224 1678 3307; x_wconf 86' lang='grc' dir='ltr'><strong><em>ταπεινὸς</em></strong></span> <span class='ocrx_word' id='word_1_254' title='bbox 1721 3233 2119 3316; x_wconf 85' lang='grc' dir='ltr'><strong><em>παρίσταται</em></strong></span> <span class='ocrx_word' id='word_1_255' title='bbox 2159 3231 2288 3299; x_wconf 81' lang='grc' dir='ltr'><strong><em>καὶ</em></strong></span> 
     </span>
     <span class='ocr_line' id='line_1_31' title="bbox 284 3321 2396 3444; baseline 0.004 -52"><span class='ocrx_word' id='word_1_256' title='bbox 284 3321 563 3444; x_wconf 81' lang='grc' dir='ltr'><strong><em>σχήματι</em></strong></span> <span class='ocrx_word' id='word_1_257' title='bbox 594 3329 971 3409; x_wconf 88' lang='grc' dir='ltr'><strong><em>δεδοικότος</em></strong></span> <span class='ocrx_word' id='word_1_258' title='bbox 1014 3332 1126 3399; x_wconf 82' lang='grc' dir='ltr'><strong><em>καὶ</em></strong></span> <span class='ocrx_word' id='word_1_259' title='bbox 1182 3336 1372 3401; x_wconf 82' lang='grc' dir='ltr'><strong><em>ἔλεον</em></strong></span> <span class='ocrx_word' id='word_1_260' title='bbox 1424 3332 1832 3419; x_wconf 78' lang='grc' dir='ltr'><strong><em>θηρωμένου</em></strong></span> <span class='ocrx_word' id='word_1_261' title='bbox 1871 3326 2034 3418; x_wconf 82' lang='grc' dir='ltr'><strong><em>παρ’</em></strong></span> <span class='ocrx_word' id='word_1_262' title='bbox 2079 3325 2274 3420; x_wconf 75' lang='grc' dir='ltr'><strong><em>ἡμῖν,</em></strong></span> <span class='ocrx_word' id='word_1_263' title='bbox 2316 3363 2396 3407; x_wconf 72' lang='lat' dir='ltr'><strong><em>ao</em></strong></span> 
     </span>
     <span class='ocr_line' id='line_1_32' title="bbox 285 3422 2276 3521; baseline 0.006 -30"><span class='ocrx_word' id='word_1_264' title='bbox 285 3422 502 3508; x_wconf 89' lang='grc' dir='ltr'><strong><em>κόμην</em></strong></span> <span class='ocrx_word' id='word_1_265' title='bbox 529 3450 598 3492; x_wconf 89' lang='grc' dir='ltr'><strong><em>τε</em></strong></span> <span class='ocrx_word' id='word_1_266' title='bbox 630 3433 996 3520; x_wconf 79' lang='grc' dir='ltr'><strong><em>ἐπιθρέψας</em></strong></span> <span class='ocrx_word' id='word_1_267' title='bbox 1022 3434 1134 3501; x_wconf 84' lang='grc' dir='ltr'><strong><em>καὶ</em></strong></span> <span class='ocrx_word' id='word_1_268' title='bbox 1162 3436 1416 3521; x_wconf 81' lang='grc' dir='ltr'><strong><em>ἐσθῆτα</em></strong></span> <span class='ocrx_word' id='word_1_269' title='bbox 1440 3435 1763 3520; x_wconf 84' lang='grc' dir='ltr'><strong><em>μέλαιναν</em></strong></span> <span class='ocrx_word' id='word_1_270' title='bbox 1792 3435 2276 3521; x_wconf 80' lang='grc' dir='ltr'><strong><em>ἐνδεδυμένος·</em></strong></span> 
     </span>
    </p>

    <p class='ocr_par' dir='ltr' id='par_1_7' title="bbox 283 3520 2270 3636">
     <span class='ocr_line' id='line_1_33' title="bbox 283 3520 2270 3636; baseline 0.009 -46"><span class='ocrx_word' id='word_1_271' title='bbox 283 3520 319 3593; x_wconf 84' lang='grc' dir='ltr'>ὁ</span> <span class='ocrx_word' id='word_1_272' title='bbox 352 3521 428 3593; x_wconf 71' lang='grc' dir='ltr'><strong><em>δὲ</em></strong></span> <span class='ocrx_word' id='word_1_273' title='bbox 459 3523 823 3636; x_wconf 60' lang='grc' dir='ltr'><strong><em>βέλτιστοςε</em></strong></span> <span class='ocrx_word' id='word_1_274' title='bbox 816 3532 1140 3624; x_wconf 85' lang='grc' dir='ltr'><strong><em>Ηρώδης,</em></strong></span> <span class='ocrx_word' id='word_1_275' title='bbox 1183 3536 1404 3625; x_wconf 86' lang='grc' dir='ltr'><strong><em>φόνου</em></strong></span> <span class='ocrx_word' id='word_1_276' title='bbox 1445 3540 1645 3625; x_wconf 83' lang='grc' dir='ltr'><strong><em>δίκην</em></strong></span> <span class='ocrx_word' id='word_1_277' title='bbox 1673 3534 1952 3624; x_wconf 87' lang='grc' dir='ltr'><strong><em>φεύγων</em></strong></span> <span class='ocrx_word' id='word_1_278' title='bbox 1994 3537 2108 3606; x_wconf 77' lang='grc' dir='ltr'><strong><em>καὶ</em></strong></span> <span class='ocrx_word' id='word_1_279' title='bbox 2149 3534 2270 3607; x_wconf 81' lang='grc' dir='ltr'><strong><em>ἐπ’</em></strong></span> 
     </span>
    </p>
   </div>
  </div>
 </body>
</html>
