2500 3882
741 86 1713 215 TEzzAPEZKAIAEKATHN
2082 131 2197 193 221

220 327 360 371 νων
401 301 775 386 τυχοῦσαν,
816 305 956 368 τῶν
988 292 1065 370 ιτε
1103 274 1326 370 ἄλλων
1365 300 1580 389 συχνὰ
1618 306 1901 391 ζηλώσαι
1928 304 2201 393 συνέβη,

220 403 332 472 καὶ
362 399 448 489 δὴ
477 399 559 470 τὰ
586 401 1016 490 συντάγματα
1041 409 1176 472 τών
1195 400 1541 474 Ἰουδαίων
1557 407 1810 495 θρέψαι
1835 407 2205 494 διαφερόν-

220 533 347 585 τως
392 506 507 574 καὶ
549 507 965 593 συναυξῆσαι
1004 505 1314 596 χρώμενα
1351 522 1489 588 τοῖς
1526 515 1826 599 πατρίοις
1862 516 1998 578 τῶν
2033 505 2203 578 Ἰου-

225 610 436 677 δαίων
447 605 702 694 νόμοις.
746 610 820 677 έν
846 613 1018 696 γοῦν
1034 609 1362 709 Αίγύπτω
1382 617 1682 681 κατοικία
1701 617 1836 681 τών
1858 606 2202 682 Ἰουδαίων

174 737 202 778 ε
236 710 417 779 ἐστὶν
460 706 987 800 ἀποδεδειγμένη
1007 763 1026 798 ,
1070 715 1273 842 χωρὶς
1302 713 1377 782 δὲ
1410 719 1527 803 τῆς
1555 741 1691 783 των
1712 710 2201 802 Ἀλεξανδρέων

231 810 478 892 πόλεως
522 809 864 901 ἀφώριστο
900 815 1068 902 μέγα
1108 815 1310 904 μέρος
1341 822 1433 909 τῷ
1480 823 1669 887 ἔθνει
1697 815 1942 908 τούτῳ·
1997 824 2201 887 καθί-

230 936 455 983 σταται
497 916 572 984 δὲ
607 917 720 984 καὶ
760 916 1093 1007 ἐθνάρχης
1118 915 1382 1005 αὐτῶν,
1425 908 1497 1000 ὃς
1524 923 1771 991 διοικεῖ
1793 946 1864 989 τε
1891 915 1965 988 τὸ
1997 926 2198 1002 ἔθνος

227 1018 340 1088 καὶ
389 1022 612 1109 διαιτᾷ
662 1024 914 1108 κρίσεις
980 1020 1092 1089 καὶ
1146 1027 1577 1110 συμβολαίων
1629 1026 2031 1110 ἐπιμελεῖται
2084 1025 2198 1094 καὶ

225 1118 768 1219 προσταγμάτων,
800 1148 889 1201 ως
914 1149 1000 1191 αν
1026 1120 1431 1204 πολιτείας”
1389 1151 1612 1212 αρχων
1646 1121 2065 1207 αυτοτελοῦς.
2122 1129 2198 1195 ἐν

150 1251 198 1293 ιο
221 1223 553 1315 Αὐγύπτω
573 1224 698 1311 μὲν
741 1251 868 1293 ουν
896 1234 1126 1313 ἴσχυσε
1165 1223 1240 1294 τὸ
1276 1233 1478 1307 ἔθνος
1517 1224 1630 1295 διὰ
1672 1255 1745 1311 το
1785 1234 2199 1315 Αἰγυπτίους

219 1326 393 1397 εἶναι
428 1329 496 1409 ἐξ
528 1323 738 1414 ἀρχῆς
767 1322 1130 1408 Ἰουδαίους
1179 1330 1295 1398 καὶ
1337 1326 1449 1398 δια
1487 1327 1561 1398 τὸ
1614 1335 1897 1418 πλησίον
1950 1332 2200 1399 θέσθαι
2274 1396 2279 1403 ,

217 1457 343 1517 την
402 1435 750 1509 κατοικίαν
785 1457 943 1511 τους
983 1427 1402 1513 ἀπελθόντας
1441 1430 1708 1501 ἐκεῖθεν
1727 1485 1746 1520 ,
1803 1438 1897 1513 εἰς
1949 1432 2024 1502 δὲ
2076 1430 2201 1520 τὴν
2242 1504 2247 1513 ,

222 1538 622 1621 Κυρηναίαν
659 1533 901 1621 μετέβη
941 1531 1053 1603 διὰ
1096 1532 1171 1603 τὸ
1213 1536 1328 1604 καὶ
1367 1533 1619 1623 ταύτην
1645 1530 1895 1624 ὅμορον
1922 1533 2094 1615 εἶναι
2119 1541 2200 1625 τῇ

218 1662 362 1705 των
388 1641 777 1723 Αἰγυπτίων
806 1631 1007 1726 ἀρχῇ,
1053 1635 1361 1725 καθάπερ
1402 1634 1527 1726 τὴν
1549 1634 1915 1726 Ἰουδαίαν,
1942 1644 2200 1727 μᾶλλον

134 1763 185 1804 15
220 1737 299 1808 δὲ
326 1743 445 1826 τῆς
468 1734 672 1826 ἀρχῆς
699 1741 958 1827 ἐκείνης
984 1736 1361 1841 πρότερον.”

368 1838 705 1930 Στράβων
735 1840 859 1929 μὲν
888 1869 1016 1912 ουν
1041 1850 1248 1912 ταῦτα
1277 1846 1496 1932 λέγει,
1539 1796 1847 1934 Κράσσος
1883 1844 1959 1913 δὲ
1985 1843 2201 1914 πάντα
2238 1859 2274 1913 3

218 1938 624 2034 διοικήσας
600 1941 681 2014 ὀν
723 1940 925 2026 αυτὸς
968 1946 1281 2036 ἐβούλετο
1321 1945 1607 2035 τρόπον,
1665 1947 2043 2036 ἐξώρμησεν
2090 1950 2200 2017 επὶ

211 2045 337 2154 τὴν
362 2053 801 2133 Παρθυαίαν.
855 2050 967 2117 καὶ
995 2045 1197 2130 αὐτὸς
1221 2050 1346 2136 μὲν
1367 2047 1451 2136 δὴ
1471 2046 1602 2117 σὺν
1630 2052 1830 2119 παντὶ
1858 2049 2199 2148 διεφθάρη

39 2237 40 2240 ¹
213 2158 304 2219 τῶ
330 2157 620 2243 στρατῷ,
652 2178 740 2231 ως
767 2153 881 2221 καὶ
906 2155 981 2221 ἐν
1006 2148 1230 2232 αλλοις
1258 2150 1648 2238 δεδήλωται,
1686 2152 1976 2232 Κάσσιος
2005 2152 2080 2221 δὲ
2109 2158 2202 2233 εἰς
2293 2205 2325 2230 9„

39 2317 40 2322 ,
130 2274 185 2315 2⁰
217 2260 489 2346 Συρίαν
528 2251 772 2342 φυγὼν
822 2254 936 2323 καὶ
986 2254 1586 2344 περιποιησάμενος
1642 2250 1857 2343 αὐτὴν
1893 2252 2202 2343 Πάρθοις
2448 2303 2464 2344 ⁴

157 2354 529 2444 ἐμποδων
599 2346 687 2444 ἦν
745 2357 1173 2444 ἐκτρέχουσιν
1235 2345 1341 2427 ἐπ
1405 2353 1618 2445 αυτὴν
1682 2356 1803 2448 δια
1850 2354 1974 2446 τὴν
2029 2356 2198 2428 κατὰ

209 2458 539 2550 Κράσσου
563 2464 784 2547 νίκην.
862 2449 1067 2540 αυθις
1108 2460 1184 2530 δὲ
1219 2464 1315 2540 εἰς
1350 2458 1573 2550 Τύρον
1600 2455 2008 2550 ἀφικόμενος
2038 2458 2197 2532 ἀνέ-

215 2569 302 2649 βη
327 2563 441 2631 καὶ
480 2567 577 2643 εἰς
608 2560 734 2650 τὴν
765 2557 1116 2633 Ἰουδαίαν.
1205 2565 1523 2652 Ταριχέας
1563 2563 1689 2652 μὲν
1729 2554 1859 2635 οὖν
1899 2588 2197 2655 προσπε-

217 2662 363 2734 σών
404 2661 662 2745 εὐθέως
701 2668 909 2754 αἱρεῖ,
966 2667 1078 2735 καὶ
1117 2667 1272 2755 περὶ,
1311 2672 1745 2754 τρισμυρίους
1787 2664 2199 2756 ἀνθρώπους

125 2791 181 2834 2⁵
217 2762 729 2856 ἀνδραποδίζει,
790 2767 1175 2838 Πειθόλαόν
1223 2796 1299 2838 τε
1347 2766 1467 2838 τὸν
1516 2765 1640 2855 τὴν
1687 2765 2197 2858 Ἀριστοβούλου

81 2871 85 2880 ’
207 2869 447 2944 στάσιν
475 2873 1000 2959 διαδεδεγμένον
1026 2877 1293 2960 κτείνει,
1322 2868 1489 2960 πρὸς
1517 2877 1716 2940 τοῦτο
1749 2867 1961 2941 αυτὸν
1981 2866 2198 2940 Ἀντι-

207 2973 473 3064 πάτρου
501 2975 1133 3063 παραστησαμένου,
1165 3001 1250 3044 ον
1275 2971 1451 3044 πολὺ
1480 2974 1592 3042 καὶ
1618 2969 1780 3064 πάρ’
1818 2969 2002 3066 αὐτῷ
2030 2994 2198 3043 συν·

208 3078 440 3165 έβαινε
466 3075 813 3147 δύνασθαι
852 3078 965 3145 καὶ
994 3084 1308 3147 πλείστου
1344 3075 1493 3146 τότε
1536 3072 1753 3158 ἄξιος
1757 3065 1848 3164 ἧν
1874 3077 1989 3146 καὶ
2017 3102 2198 3166 παρα

200 3174 639 3268 Ἰδουμαίοις,
680 3175 841 3269 παρ’
876 3207 974 3250 ων
1004 3208 1232 3269 αγεται
1259 3194 1549 3267 γυναῖκα
1584 3206 1721 3249 των
1736 3178 2104 3268 ἐπισήμων
2131 3182 2196 3265 ἐξ

41 3323 42 3328 1
136 3297 182 3339 ³⁰
204 3277 559 3372 Ἀραβίας,
606 3282 896 3374 Κύπρον
937 3309 1185 3372 ονομα,
1239 3285 1305 3366 ἐξ
1356 3273 1436 3371 ἧς
1474 3278 1658 3376 αυτῷ
1698 3282 2009 3371 τέσσαρες
2049 3286 2196 3372 ἐγέ-

213 3412 415 3456 νοντο
462 3391 700 3467 παῖδες
715 3438 734 3475 ,
777 3385 1127 3475 Φασάηλος
1164 3387 1278 3454 καὶ
1296 3381 1629 3477 Ἡρώδης,
1658 3380 1734 3465 ὃς
1761 3382 2044 3477 ὕστερον
2070 3383 2203 3474 βαέ

215 3487 440 3572 σιλεύς
463 3494 758 3581 γίνεται,
798 3486 1112 3579 Ἰώσηπός
1137 3515 1208 3558 τε
1235 3490 1347 3559 καὶ
1374 3488 1724 3581 Φερώρας,
1770 3489 2077 3579 θυγάτηρ
2121 3485 2198 3551 δὲ
