2500 3882
898 156 907 165 ·
1029 134 1417 195 ΕΙΚΟΣΤΗ
2096 136 2220 199 275

214 300 797 396 Ιεροσολυμιτῶν
800 308 871 374 οἱ
890 306 1299 396 προύχοντες
1330 312 1570 432 δεινῶς
1595 309 2064 395 ἐχαλέπαινον·
2134 309 2217 380 οὐ

220 406 350 499 γὰρ
389 399 478 498 ἦν
520 408 806 499 πάτριον
847 404 1008 479 οὐδὲ
1049 407 1335 499 νόμιμον
1373 400 1536 499 ἡμῖν
1575 407 1656 481 τοὶ
1696 407 1863 481 κατὰ
1914 408 1989 480 τὸ
2025 406 2216 503 ἱερὸν
2348 462 2352 465 Α

224 511 536 603 δρώμενα
574 511 1139 599 κατοπτεύεσθαι,
1185 514 1298 582 καὶ
1337 514 1622 613 μάλιστα
1657 540 1772 595 τας
1813 514 2212 641 ἱερουργίας.

217 631 443 703 τοῖχον
469 606 598 685 οὖν
623 618 999 704 ἐγείρουσιν
1040 617 1148 685 ἐπὶ
1177 620 1292 705 τῆς
1318 606 1586 743 ἐξέδρας
1617 611 1881 706 ὑψηλόν
1896 668 1916 703 ,
1943 613 2104 706 ἥτις
2128 608 2215 715 ἦν

160 746 188 787 5
223 720 298 788 ἐν
324 722 416 813 τῷ
441 724 701 789 ἔσωθεν
729 723 886 812 ἱερῷ
908 712 1323 845 τετραμμένη
1352 717 1517 811 πρὸς
1545 718 1762 791 δύσιν.
1793 717 1876 804 ού
1901 719 2110 810 μόνον
2136 722 2212 811 δὲ

218 848 343 891 του
314 826 710 910 βασιλικοῦ
723 827 1089 948 τρικλίνου
1103 820 1230 921 τ’ᾓν
1244 819 1500 907 ἄποψιν
1523 812 1718 903 οὗτος
1743 820 2213 950 οἰκοδομηθεὶς

140 957 149 974 ·
218 921 650 1013 ἀπετέμνετο,
704 922 899 1009 ἀλλά
910 908 1057 1009 καὶ
1058 930 1184 1021 τῆς
1226 931 1501 1015 δυτικῆς
1545 922 1741 1007 στοᾶς
1778 932 1894 1018 τῆς
1932 924 2099 997 κατὰ
2133 926 2209 997 τὸ

194 1026 403 1117 ἱερὸν
430 1031 684 1111 ἔξωθεν
708 1025 965 1129 ουσης,
954 1032 1148 1106 ,ἔνθα
1174 1057 1292 1108 τας
1316 1027 1623 1118 φυλακας
1648 1034 1718 1099 οἷ
1736 1024 2038 1119 Ῥωμαῖοι
2065 1048 2209 1113 ταῖς

218 1134 474 1221 ἑορταῖς
501 1135 850 1230 ἐποιοῦντο
890 1129 1003 1201 δια
1040 1129 1113 1201 τὸ
1142 1131 1346 1222 ἱερόν.
1405 1134 1516 1217 ἐπὶ
1544 1132 1802 1217 τούτοις
1829 1130 2202 1223 ἠγανάκτη-

128 1264 178 1303 ιο
214 1256 342 1305 σαν
390 1232 427 1304 ὅ
473 1262 546 1307 τε
601 1231 918 1322 βασιλεύς
961 1231 1358 1325 Ἀγρίππας,
1411 1234 1694 1323 μάλιστα
1750 1224 1825 1306 δὲ
1863 1241 2122 1324 Φῆστος
2169 1232 2205 1306 6

174 1344 498 1427 ’ἔπαρχος
514 1389 533 1424 ,
574 1339 688 1406 καὶ
714 1340 1117 1428 προσέταξεν
1145 1335 1370 1419 αὐτοῖς
1398 1346 1738 1407 καθελεῖν.
1785 1345 1865 1407 οἳ
1888 1338 1965 1408 δὲ
1992 1365 2198 1429 παρε-

212 1440 506 1510 κάλεσαν
542 1442 859 1523 ἐξουσίαν
882 1435 1108 1521 αὐτοῖς
1147 1446 1385 1511 δοῦναι
1426 1445 1834 1531 πρεσβεῦσαι
1865 1444 2018 1531 περὶ
2044 1442 2198 1513 τούκ

212 1571 334 1615 του
361 1540 524 1633 πρὸς
550 1545 873 1631 Νέρωνα·
902 1549 1020 1633 ζῆν
1045 1541 1172 1634 γὰρ
1199 1541 1325 1633 οὐχ
1350 1539 1715 1633 ὑπομένειν
1739 1549 2196 1637 καθαιρεθέν-

209 1675 322 1727 τος
347 1644 527 1727 τινὸς
552 1650 797 1739 μέρους
823 1651 945 1717 τοῦ
970 1651 1179 1737 ἱεροῦ.
1224 1647 1775 1738 συγχωρήσαντος
1800 1648 1874 1718 δὲ
1903 1653 2024 1718 τοῦ
2055 1649 2195 1739 Φή-

122 1774 172 1814 15
209 1771 370 1821 στου
399 1751 776 1851 πέμπουσιν
814 1752 880 1833 ἐξ
923 1745 1149 1820 αὐτῶν
1189 1749 1358 1840 πρὸς
1383 1753 1671 1841 Νέρωνα
1704 1748 1859 1837 τοὺς
1893 1751 2199 1842 πρώτους

208 1856 371 1923 δέκα
404 1855 517 1923 καὶ
544 1851 890 1955 Ἰσμάηλον
926 1850 1045 1923 τὸν
1081 1850 1391 1945 ἀρχιερέα
1420 1855 1531 1923 καὶ
1560 1850 1828 1929 Ἑλκίαν
1855 1852 1975 1925 τὸν
2001 1863 2193 1944 γαζο-

207 1957 496 2044 φύλακα.
525 1950 786 2046 Νέρων
812 1956 886 2025 δὲ
909 1956 1269 2037 διακούσας
1296 1954 1521 2026 αὐτων
1549 1954 1631 2025 αὖ
1656 1956 1866 2045 μόνον
1885 1962 2193 2046 συνέγνω

208 2059 361 2146 περὶ
387 2085 508 2127 του
527 2059 977 2145 πραχθέντος,
1005 2053 1174 2127 ἀλλά
1200 2059 1314 2126 καὶ
1340 2057 1808 2147 συνεχωρησεν
1836 2086 2072 2139 ουτως
2077 2063 2197 2130 ἐᾶν

202 2159 327 2251 τὴν
353 2167 764 2249 οἰκοδομίαν,
784 2165 865 2250 τῇ
890 2161 1161 2247 γυναικὶ
1187 2165 1513 2250 Ποππηίᾳ
1537 2159 1889 2250 (θεοσεβὴς
1915 2190 2044 2252 γαρ
2077 2152 2192 2251 ἦν)

104 2293 169 2336 20
203 2260 376 2355 ὑπὲρ
402 2268 539 2333 τῶν
564 2261 911 2350 Ἰουδαίων
952 2268 1286 2352 δεηθείσῃ.
1319 2261 1768 2352 χαριζόμενος·
1815 2261 1861 2353 ἢ
1899 2279 2036 2345 τοῖς
2070 2265 2195 2353 μὲν

204 2371 364 2439 δέκα
392 2368 792 2459 προσέταξεν
809 2363 1098 2454 ἀπιέναι,
1125 2364 1245 2436 τὸν
1274 2366 1349 2437 δὲ
1365 2362 1632 2436 Ἑλκίαν
1657 2364 1915 2437 καὶτὸν
1936 2364 2191 2458 Ἰσμάη-

202 2482 322 2542 λον
347 2466 838 2561 ὁμηρεύσοντας
864 2467 1025 2559 παρ’
1058 2473 1266 2559 ἑαυτῇ
1300 2470 1637 2558 κατέσχεν.
1701 2465 1737 2539 6
1771 2471 1850 2541 δὲ
1880 2470 2197 2559 βασιλεὺς
2285 2547 2290 2578 1

201 2579 408 2643 ταῦτα
438 2603 524 2656 ως
553 2576 876 2664 ἐπύθετο,
920 2579 1159 2644 δίδωσι
1196 2601 1323 2662 την
1358 2567 1864 2664 ἀρχιερωσύνην
1900 2574 2191 2670 Ἰωσήπω

200 2704 295 2747 τω
319 2683 629 2765 Σίμωνος
662 2655 854 2748 παιδὶ
881 2671 1270 2767 ἀρχιερέως,
1304 2679 1809 2770 ἐπικαλουμένω
1837 2676 1912 2746 δὲ
1941 2685 2141 2766 Καβί.

110 2812 174 2853 25
356 2780 599 2868 πέμπει
628 2780 702 2850 δὲ
729 2788 995 2868 Καῖσαρ
1012 2776 1326 2869 Ἀλβῖνον
1354 2785 1450 2860 εἰς
1475 2776 1600 2868 τὴν
1619 2776 1951 2850 Ἰουδαίαν
1978 2785 2183 2872 ἒπαρ-
2214 2784 2257 2846 9

197 2911 352 2973 χον,
402 2881 671 2973 Φήστου
700 2881 853 2972 τὴν
872 2880 1193 2971 τελευτην
1222 2882 1628 2972 πυθόμενος.
1688 2878 1727 2953 6
1767 2882 1843 2952 δὲ
1871 2882 2187 2972 βασιλευς

196 2985 512 3077 ἀφείλετο
551 2985 676 3075 μὲν
711 2982 831 3086 τὸν
862 2982 1180 3075 Ἰωσηπον
1220 2983 1345 3075 τὴν
1385 2983 1921 3077 ἀρχιερωσύνην,
1973 3014 2069 3056 τω
2112 2987 2190 3058 δὲ

187 3088 472 3162 Ἀνάνου
499 3095 727 3176 παιδί,
768 3089 880 3158 καὶ
905 3085 1084 3184 αύτῷ
1104 3085 1360 3183 Ἀνᾶνω
1388 3091 1759 3184 λεγομένῳ,
1802 3088 1927 3180 τὴν
1953 3095 2184 3161 διαδο-

203 3192 325 3282 χὴν
350 3199 467 3282 τῆς
492 3189 698 3283 ἀρχῆς
723 3197 953 3263 ἔδωκε.
1011 3197 1250 3263 τοῦτον
1278 3194 1361 3262 δέ
1389 3212 1553 3282 φασι
1580 3190 1699 3261 τὸν
1715 3192 2217 3288 ’πρεσβύτατον

105 3325 164 3367 30
195 3292 485 3367 ’Ἄνανον
524 3293 1001 3385 εὐτυχέστατον
1037 3296 1392 3383 γενέσθαι
1447 3298 1645 3365 πέντε
1680 3323 1805 3386 γαρ
1847 3302 1998 3385 ἔσχε
2025 3313 2180 3367 παῖ-

201 3403 358 3523 δας,
369 3400 480 3467 καὶ
504 3400 779 3481 τούτους
806 3423 1055 3479 παντας
1080 3402 1333 3488 συνέβη
1362 3395 1871 3527 ἀρχιερατεῦσαι
1895 3427 1988 3495 τω
2015 3405 2185 3492 θεω,

200 3497 400 3602 αυτὸς
426 3505 537 3571 καὶ
565 3503 889 3624 πρότερον
922 3507 1039 3592 τῆς
1077 3508 1270 3594 τιμῆς
1299 3505 1408 3574 ἐπὶ
1437 3511 1750 3575 πλεῖστον
1777 3498 2176 3579 ἀπολαύσας,

1748 3617 1820 3679 18
1839 3618 1871 3661 *
