2500 3882
273 488 281 497 ·
325 463 742 552 σπασάμενοί
783 490 857 532 τε
910 459 1027 544 τὰς
1066 468 1390 551 μαχαίρας
1431 463 1544 531 καὶ
1595 458 1675 530 τοὶ
1714 475 1953 548 σημεῖα
1992 456 2308 548 ἀράμενοι

180 1291 191 1308 '
322 1291 672 1376 σφαγέων,
718 1286 995 1376 σφάζειν
1033 1284 1359 1375 πρότερον
1397 1282 1604 1358 αὑτὸν
1642 1282 1901 1375 ἠπείλει
1945 1281 2315 1373 παρελθῶν
2353 1308 2396 1349 ιο

266 2236 299 2287 5

323 186 447 250 230
867 217 873 222 -
994 157 1639 248 ΑΡΧΑΙοΛοΓΙΑέ

324 365 586 450 μονίαν.
640 358 724 429 οὐ
753 357 887 449 μὴν
927 355 1377 448 διετράπησάν
1403 369 1478 449 γε
1515 354 1649 428 υπὸ
1687 360 1824 426 τῶν
1850 354 2104 444 λόγων,
2146 352 2309 427 ἀλλὰ

327 565 576 660 ῶχοντο
605 562 694 649 ῶς
719 563 836 636 τὸν
859 563 1237 650 Κλαύδιον,
1284 563 1806 654 κοινωνήσοντες
1843 578 1978 643 τοῖς
2017 558 2303 650 ὀμνύου-

323 691 434 739 σιν
473 666 672 765 αὐτῷ.
727 674 1146 739 κατελείπετο
1188 664 1348 737 δὲ“
1305 697 1346 757 η
1386 695 1459 737 τε
1496 666 1861 755 σύγκλητος
1900 662 2003 736 ἐπ’
2042 667 2310 754 ἐρημίας

323 777 460 843 τῶν
503 770 897 862 ἀμυνόντων
932 772 1044 840 καὶ
1085 767 1229 841 οἰ”
1185 796 1428 842 υπατοι
1486 770 1699 860 μηδὲν
1742 773 2032 840 ἰδιωτῶν
2073 772 2305 857 διαφέ-
2339 798 2362 835 5
2447 815 2448 850 5

324 896 582 966 ροντες·
644 875 949 963 ἔκπληξίς
986 897 1060 943 τε
1100 875 1210 943 καὶ
1253 874 1582 963 κατήφεια
1621 864 1739 962 ἦν,
1785 869 1944 946 οὐδὲ
1985 868 2022 941 ὅ
2058 899 2123 940 τι
2147 872 2309 962 χρή-

323 1000 550 1048 σαιντο
577 972 802 1057 αὐτοῖς
839 982 977 1046 τῶν
1004 974 1394 1066 ἀνθρώπων
1423 976 1703 1047 εἰδότων
1736 972 1848 1045 διὰ
1873 970 1957 1045 ’τὸ
1983 971 2308 1063 ἀνηρεθί-

320 1091 485 1149 σθαι
512 1077 632 1152 τὸν
648 1077 994 1150 Κλαύδιον
1015 1078 1109 1150 ἐπ’
1140 1078 1384 1167 αὐτοῖς,
1406 1075 1713 1169 ἀλλήλοις
1730 1106 1801 1148 τε
1821 1081 2312 1166 ἐλοιδοροῦντο,

321 1184 434 1258 καὶ
471 1182 833 1272 μετάμελος
866 1173 952 1273 ἦν
982 1180 1227 1265 αὐτοῖς.
1286 1186 1395 1253 καὶ
1423 1191 1752 1272 Σαβῖνος,
1801 1176 1896 1262 εἶς
1936 1185 2074 1250 τῶν
2097 1188 2314 1251 Γαΐου

324 1396 419 1470 εἰς
451 1393 692 1479 μέσους
727 1385 768 1480 ἢ
797 1388 1145 1460 Κλαύδιον
1183 1388 1472 1480 ἄρχοντα
1512 1387 1874 1479 στήσεσθαι
1913 1388 2026 1456 καὶ
2070 1392 2315 1457 δουλο-

323 1500 603 1581 κρατίαν
643 1493 1015 1577 ἐπόψεσθαι
1044 1498 1556 1582 καταλαβοῦσαν
1573 1514 1589 1529 ·
1645 1490 1764 1562 τόν
1793 1518 1866 1561 τε
1889 1492 2190 1578 Χαιρέαν
2218 1497 2322 1572 εἰς
2447 1527 2448 1530 “

323 1601 734 1683 φιλοψυχίαν
762 1597 1208 1683 ἐπέπλησσεν,
1256 1602 1320 1665 εἰ
1344 1590 1853 1684 καταφρονήσας
1877 1599 2089 1664 Γαΐου
2124 1599 2318 1682 πρῶ-

234 1763 239 1770 ,
321 1724 432 1787 τος
470 1693 736 1784 ἀγαθὸν
771 1694 1237 1786 ὑπολαμβάνοι
1276 1695 1353 1766 τὸ
1390 1703 1541 1785 ζῆν,
1584 1701 1698 1786 τῆς
1725 1699 2115 1784 ἐλευθερίας
2153 1693 2327 1767 οὐδὲ
2451 1729 2452 1740 ’

324 1796 538 1880 οὕτως
563 1796 984 1889 ἀποδοθῆναι
1023 1801 1400 1889 δυναμένης
1439 1805 1522 1889 τῇ
1556 1805 1847 1888 πατρίδι.
1904 1802 2198 1887 Χαιρέας
2240 1802 2326 1871 δὲ
2360 1829 2400 1869 15

324 1902 629 1993 περὶμὲν
653 1930 774 1974 του
800 1903 1124 1994 θνήσκειν
1152 1901 1542 1974 ἐνδοιαστὸν
1569 1899 1772 1974 οὐδὲν
1799 1917 2082 1994 φρονεῖν
2100 1908 2326 1992 ἔλεγε,

324 2006 692 2095 βούλεσθαι
733 2008 960 2097 μέντοι
1007 2012 1528 2092 διακωδωνίζειν
1573 2003 1880 2077 διάνοιαν
1915 2003 2042 2095 τὴν
2077 2014 2326 2077 Κλαυ

329 2116 502 2182 δίου.
600 2178 605 2183 .

471 2215 583 2285 καὶ
607 2220 675 2283 οἳ
698 2213 822 2302 μὲν
849 2215 923 2283 ἐν
948 2219 1172 2284 τοῖσδε
1197 2204 1399 2303 ἦσαν,
1440 2213 1551 2283 ἐπὶ
1582 2211 1658 2282 δὲ
1697 2216 1819 2281 τοῦ
1856 2215 2332 2300 στρατοπέδου

321 2320 449 2395 πᾶς
477 2314 898 2403 πανταχόθεν
928 2312 1169 2385 ὠθεῖτο
1196 2314 1364 2385 κατὰ
1389 2321 1766 2407 θεραπείαν
1787 2311 1911 2403 τὴν
1934 2318 2331 2386 Κλαυδίου.
2369 2345 2417 2386 w

321 2419 434 2485 καὶ
462 2423 600 2486 τῶν
625 2414 903 2486 ὑπάτων
930 2413 966 2486 6
994 2421 1215 2507 ἕτερος
1239 2418 1522 2498 Κόιντος
1550 2416 1951 2507 Πομπώνιος
1978 2414 2072 2487 δι’
2097 2424 2340 2501 αἰτίας

319 2509 407 2607 ἦν
430 2524 523 2614 τῷ
547 2525 998 2612 στρατιωτικῷ
1025 2527 1281 2609 μᾶλλον
1316 2515 1404 2600 ῶς
1429 2517 1537 2590 ἐπ’
1570 2522 1970 2609 ἐλευθερίαν
1993 2518 2116 2610 τὴν
2147 2521 2340 2611 σύγτ

321 2631 579 2712 κλητον,
607 2629 1047 2715 παρακαλῶν,
1090 2619 1407 2713 ὥρμησάν
1443 2651 1517 2694 τε
1557 2622 1967 2712 σπασάμενοι
2002 2622 2088 2693 τά
2130 2626 2344 2715 ξίφη,

320 2721 454 2795 κᾶν
491 2727 861 2817 ἐπέπρακτο
904 2724 1130 2808 αὐτοῖς
1180 2724 1272 2817 μὴ
1310 2733 1662 2798 Κλαυδίου
1717 2728 2344 2811 διακεκωλυκότος.

323 2837 846 2917 παρακαθίζεται
877 2829 951 2899 δὲ
979 2826 1161 2924 αὐτῶ
1184 2827 1304 2899 τὸν
1328 2826 1585 2901 ὕπατον
1612 2828 1979 2919 ἐξαρπάσας
2006 2834 2133 2899 τοῦ
2166 2858 2342 2901 κιν-
2382 2862 2428 2901 ⁴1⁵

323 2930 556 3002 δύνου.
608 2931 865 3002 τῶνδὲ
908 2938 1375 3021 συγκλητικῶν
1419 2928 1458 3002 ὃ
1497 2925 1584 3023 ἦν
1620 2929 1751 3002 σὺν
1794 2939 1888 3026 τῷ
1925 2939 2205 3028 Κοΐντῳ
2252 2933 2355 3006 οὐ

248 3059 255 3067 ’
318 3030 480 3122 μεθ’
513 3029 742 3124 ὁμοίας
769 3036 1029 3124 ἐδέχετο
1055 3040 1276 3125 τιμῆς·
1328 3036 1504 3117 τινὲς
1539 3035 1751 3106 δὲκαὶ
1786 3033 2039 3125 πληγὰς
2065 3040 2356 3126 ἔλαβον

317 3132 574 3223 αὐτῶν,
614 3135 1089 3226 ἀπωθούμενοι
1114 3144 1228 3227 τῆς
1262 3136 1424 3228 πρὸς
1452 3135 1659 3208 αὐτὸν
1685 3136 2111 3223 ἐντεύξεως,’
2101 3142 2354 3211 Απῶ-

315 3263 457 3316 νιος
487 3238 560 3307 δὲ
587 3234 993 3330 τραυματίας
1021 3237 1374 3330 ἄνεχῶρει,
1403 3232 1489 3331 ἦν
1514 3270 1587 3311 τε
1613 3242 1928 3321 κίνδυνος
1955 3243 2110 3343 περὶ
2141 3242 2355 3314 πάν-

313 3361 430 3414 τας
468 3336 732 3420 αὐτούς.
798 3344 912 3411 καὶ
945 3340 1309 3432 Ἀγρίππας
1360 3340 1395 3413 ὁ
1433 3340 1747 3433 βασιλευς
1790 3329 2207 3434 προσελθών
2239 3353 2360 3442 τῷ
2399 3367 2443 3407 ³·

312 3441 633 3529 Κλαυδίω
675 3439 852 3524 ἀξιοῖ
884 3459 1018 3524 τοῖς
1058 3455 1522 3547 συγκλητικοις
1562 3441 1939 3535 ἦπιῶτερον
1978 3456 2357 3539 καταστῆ-

313 3553 458 3596 ναι·
512 3544 878 3624 γενομένου
922 3544 1050 3634 γάρ
1088 3574 1267 3628 τινος
1304 3552 1515 3617 κακοῦ
1554 3546 1707 3633 περὶ
1744 3545 1870 3636 τὴν
1898 3547 2168 3638 βουλὴν
2200 3550 2360 3641 οὐχ
