2500 3882
285 95 366 168 91}
441 92 445 98 ’
959 95 1612 156 ΑΡΧΑΙΟΛΟΓΙΑΣ

286 265 507 357 φανὴς
534 265 658 355 τὴν
685 273 1034 357 βασιλείαν
1064 245 1364 355 κατέσχε.
1447 274 1724 359 τελευτᾷ
1768 266 1842 373 δὲ
1872 267 1985 336 καὶ
2016 272 2279 335 Πτολε-

284 386 479 462 μαῖος
508 366 544 439 5
571 377 687 461 τῆς
712 371 1066 459 Αἰγύπτου
1093 369 1440 458 βασιλεύς,
1481 373 1595 440 καὶ
1638 367 1838 459 αὐτὸς
1865 368 2279 458 καλούμενος

285 473 636 598 έπιφανὶῇς,
665 470 1049 544 καταλιπων
1089 471 1212 541 δύο
1254 476 1497 555 παῖδας
1535 480 1633 544 ἔτι
1673 481 1941 562 βραχεῖς
1968 470 2091 561 τὴν
2121 467 2277 559 ἡλι-

285 585 475 665 κίαν,
520 605 617 646 ων
643 573 678 645 5
704 577 828 665 μὲν
857 576 1306 666 πρεσβύτερος
1334 577 1730 665 Φιλομήτωρ
1758 579 2091 662 ἐκαλεῖτο,
2124 574 2275 644 Φύ-

285 702 469 750 σκων
505 680 581 749 δὲ
608 676 645 748 5
672 679 1015 768 νεώτερος.
1063 675 1380 768 Ὑρκανὸς
1422 678 1499 747 δὲ
1527 675 1707 767 ὁρῶν
1733 680 2029 768 μεγάλην
2056 677 2273 746 δύνα-
2309 701 2336 739 5

283 811 401 871 μιν
442 790 673 871 ἔχοντα
717 779 834 851 τὸν
865 775 1259 877 Ἀντίοχον,
1288 782 1403 850 καὶ
1440 784 1664 863 δείσας
1704 779 1794 870 μὴ
1850 783 1964 851 καὶ
2020 788 2308 868 συλλη-.

285 887 489 973 φθεὶς
531 880 652 953 ὑπ’
700 880 913 954 αὐτοῦ
951 891 1260 975 κολασθῇ
1299 881 1413 953 διὰ
1457 883 1538 952 τὰ
1582 882 1751 972 πρὸς
1789 883 1945 964 τοὺς
1978 881 2279 974 ’Ἀραβας

285 985 469 1079 αὐτῷ
516 989 981 1076 πεπραγμένα,
1018 992 1299 1079 τελευτᾷ
1335 985 1454 1056 τὸν
1493 993 1648 1076 βίον
1694 983 2006 1076 αὐτόχειρ
2057 982 2276 1059 αὑτοῦ

282 1087 673 1179 γενόμενος·
741 1089 863 1178 τὴν
933 1085 999 1159 δ’
1071 1085 1313 1160 οὐσίαν
1379 1085 1595 1160 αὐτοῦ
1662 1097 1883 1161 πᾶσαν
1939 1087 2278 1176 Ἀντίοχος

282 1192 628 1282 λαμβάνει.
2312 1213 2368 1252 ιο

206 1304 248 1367 5
439 1293 573 1367 ὑπὸ
620 1295 696 1366 δὲ
741 1293 859 1364 τὸν
896 1290 1107 1365 αὐτὸν
1139 1293 1379 1384 καιρὸν
1405 1292 1871 1377 ἀποθανόντος
1909 1296 2021 1365 καὶ
2041 1291 2275 1364 Ὀνίου
2321 1340 2328 1351 =

282 1406 404 1471 τοῦ
432 1396 824 1489 ἀρχιερέως,
870 1404 961 1489 τῷ
1005 1394 1279 1492 ἀδελφῷ
1307 1395 1520 1469 αὐτοῦ
1551 1395 1766 1487 Ἰησοῦ
1791 1396 1917 1488 τὴν
1945 1395 2275 1486 ἀρχιερω-

282 1504 501 1591 σύνην
523 1499 851 1588 Ἀντίοχος
880 1505 1161 1570 δίδωσιν
1178 1523 1193 1538 ·
1246 1497 1282 1569 5
1319 1500 1447 1589 γὰρ
1475 1518 1628 1601 παῖς
1644 1497 1729 1572 ὃν
1749 1498 1971 1581 Ὀνίας
1996 1509 2275 1569 κατελε-

281 1612 523 1690 λοίπει,
552 1603 787 1691 νήπιος
818 1592 904 1690 ἦν
933 1608 1049 1671 ἔτι.
1104 1603 1495 1692 δηλώσομεν
1532 1605 1608 1674 δὲ
1641 1602 1723 1674 τὰ
1758 1606 1912 1692 περὶ
1944 1610 2064 1673 τοῦ
2110 1629 2271 1672 παι-

283 1713 439 1776 δίου
469 1704 714 1775 τούτου
741 1702 908 1774 κατὰ
933 1703 1159 1794 χώραν
1187 1709 1448 1775 ἕκαστα.
1497 1703 1746 1795 Ἰησοῦς
1787 1710 1866 1777 δέ
1891 1696 2113 1791 (οὗτος
2140 1703 2274 1794 γὰρ
2321 1738 2372 1776 15

282 1801 367 1898 ἦν
404 1805 438 1878 ὁ
468 1805 760 1896 ἀδελφὸς
798 1814 919 1876 τοῦ
941 1806 1197 1890 Ὀνίου)
1242 1804 1369 1897 τὴν
1409 1804 1917 1900 ἀρχιερωσύνην
1956 1807 2278 1898 ἀφῃρέθη

282 1912 891 2003 προσοργισθέντος
917 1906 1100 2005 αύτῷ
1127 1917 1249 1981 τοῦ
1278 1914 1603 2001 βασιλέως
1641 1915 1754 1984 καὶ
1779 1913 2030 1993 δόντος
2058 1908 2279 2001 αὐτὴν

283 2022 375 2109 τῷ
421 2015 731 2109 νεωτάτῳ
768 2011 981 2084 αὐτοῦ
1019 2011 1325 2108 ἀδελφῷ,
1361 2012 1548 2108 Ὀνία
1602 2002 1970 2106 τοῦνομα(
2005 2022 2281 2105 Σίμωνι

282 2118 412 2210 γάρ
466 2109 655 2190 οὗτοι
706 2133 883 2208 τρεῖς
934 2119 1242 2206 ἐγένοντο
1284 2123 1549 2206 παῖδες,
1609 2120 1721 2188 καὶ
1762 2127 1855 2201 εἰς
1902 2118 2057 2200 τοὺς
2096 2133 2279 2207 τρεῖς

281 2214 449 2311 ἧκεν
491 2219 532 2312 ἡ
575 2219 1073 2311 ἀρχιερωσύνη,
1103 2217 1336 2302 καθώς
1368 2222 1862 2311 δεδηλώκαμεν.
1922 2219 2106 2311 ὁμὲν
2136 2212 2271 2290 οὖν
2312 2250 2373 2290 20

276 2322 528 2411 Ἰησοῦς
548 2321 804 2393 Ἰάσονα
831 2322 1074 2393 ἑαυτὸν
1099 2323 1571 2412 μετωνόμασεν
1589 2378 1608 2412 ,
1653 2320 1689 2394 5
1718 2326 1794 2394 δὲ
1815 2321 2044 2406 Ὀνίας
2074 2325 2278 2410 ἐκλῄ-

283 2439 377 2514 θη
409 2428 782 2505 Μενέλαος.
854 2424 1336 2507 στασιάσαντος
1376 2417 1506 2496 οῦν
1530 2434 1651 2497 τοῦ
1684 2430 2014 2517 προτέρου
2043 2424 2275 2514 ἀρχιε-

285 2529 451 2615 ρέως
472 2524 688 2615 Ἰησοῦ
718 2526 885 2615 πρὸς
914 2525 1033 2597 τὸν
1075 2526 1238 2615 μετὰ
1266 2536 1474 2598 ταῦτα
1510 2533 2009 2601 κατασταθέντα
2039 2533 2277 2600 Μενέ-

284 2640 481 2718 λαον,
521 2631 634 2699 καὶ
675 2637 795 2699 τοῦ
834 2629 1143 2720 πλήθους
1193 2635 1717 2722 διανεμηθέντος
1756 2640 1850 2714 εἰς
1892 2634 2274 2723 ἑκατέρους,

283 2739 357 2805 ἐκ
396 2740 510 2823 τῆς
548 2733 910 2803 Μενελάου
950 2740 1185 2823 μοίρας
1226 2739 1298 2803 οί
1340 2742 1606 2824 Τωβίου
1657 2741 1889 2818 παῖδες
1927 2737 2275 2825 ἐγένοντο·
2321 2768 2380 2809 25
2463 2821 2464 2824 Ἴ

283 2838 358 2908 τὸ
407 2839 482 2908 δὲ
522 2845 756 2908 πλεῖον
795 2842 917 2910 τοῦ
956 2843 1125 2906 λαοῦ
1170 2842 1263 2931 τῷ
1298 2834 1535 2909 Ἰάσονι
1561 2838 2101 2928 συνελάμβανεν,
2136 2835 2272 2927 ὑφ’

285 2932 370 3011 οῦ
398 2943 512 3011 καὶ
537 2938 948 3027 πονούμενοι
991 2936 1032 3009 ὅ
1073 2967 1144 3009 τε
1172 2942 1521 3023 Μενέλαος
1564 2944 1674 3010 καὶ
1715 2948 1785 3011 οἱ
1816 2948 2083 3031 Τωβίου
2110 2957 2282 3011 παῖ-

284 3049 399 3124 δες
436 3041 603 3133 πρὸς
632 3039 970 3129 Ἀντίοχον
1017 3040 1484 3133 ἀνεχώρησαν,
1536 3049 1901 3132 δηλοῦντες
1941 3041 2123 3138 αὐτῷ
2171 3041 2284 3115 ὅτι

288 3144 648 3230 βούλονται
675 3143 830 3226 τούς
858 3154 1180 3233 πατρίους
1213 3147 1464 3235 νόμους
1504 3148 1981 3230 καταλιπόντες
2006 3150 2119 3218 καὶ
2146 3147 2287 3237 τὴν

287 3241 435 3313 κατ’
470 3243 715 3329 αὐτοὺς
743 3255 1084 3318 πολιτείαν
1112 3251 1399 3319 ἕπεσθαι
1441 3265 1577 3331 τοῖς
1608 3235 1975 3340 βασιλικοῖς
2000 3252 2114 3320 καὶ
2140 3250 2284 3340 τὴν
2329 3289 2395 3330 30
2455 3323 2458 3338 ³

279 3344 675 3434 Ἑλληνικὴν
711 3358 1055 3421 πολιτείαν
1107 3358 1304 3440 ἔχειν.
1393 3355 1854 3441 παρεκάλεσαν
1892 3344 2021 3424 οῦν
2058 3349 2289 3424 αὐτὸν
2455 3351 2458 3522 ἱ

289 3448 636 3540 ἐπιτρέψαι
682 3447 908 3535 αὐτοῖς
960 3460 1393 3544 οἰκοδομῆσαι
1453 3457 1821 3546 γυμνάσιον
1878 3459 1951 3529 ἐν
1987 3453 2290 3548 Ἰεροσο-ι-

2429 3535 2456 3828 1
