2500 3882
904 112 1535 231 ΕΚΚΑΙΛΕΚΛΤΗ
1619 164 1623 179 ’
1810 118 1817 131 ’
1979 204 1991 229 ,
2073 130 2079 143 ’
2146 167 2221 228 31

154 392 160 396 ,
220 317 434 408 ὁρῶν,
482 319 611 389 κάν
633 326 727 410 τῷ
769 320 1105 414 προσώπῳ
1153 327 1510 411 δυστυχεῖν
1542 321 1726 417 ᾡέτο.
1800 330 1911 395 καὶ
1951 328 2075 414 τὴν
2105 330 2229 415 μὲν
2348 360 2383 391 .¹

198 419 465 507 κόρην,
512 419 602 507 μὴ
645 420 868 506 τυχῶν
917 422 1202 543 Φερώρα
1264 428 1565 513 δικαίου,
1633 428 1820 494 παιδὶ
1864 427 2228 516 Φασαήλου

223 524 534 607 δίδωσιν,
599 516 805 600 αυτὸς
852 521 926 588 δὲ
978 522 1231 607 χρόνου
1292 524 1688 606 διελθόντος
1746 525 2050 614 οἰόμενος
2098 525 2228 614 ἤδη
2266 526 2287 545 ‘

225 621 728 704 παρηκμακέναι
773 617 899 705 τὴν
944 623 1314 708 ἐπιθυμίαν
1359 619 1705 715 τάδελφῳ,
1765 631 1930 713 περί
1971 648 2044 692 τε
2095 633 2231 694 τῶν

133 746 191 786 ιε
228 717 516 806 πρώτων
566 714 794 808 ᾐτιᾶτο
859 720 967 789 καὶ
1038 719 1163 807 τὴν
1209 726 1534 810 δευτέραν
1583 720 1784 810 ἠξίου
1829 724 2227 813 λαμβάνειν·

222 817 502 907 Κύπρος
544 816 610 887 δ’
655 822 968 888 ἐκαλεῖτο.
1048 821 1335 911 Φερώρα
1378 821 1454 890 δε
1489 826 1940 911 συμβουλεύει
1974 833 2232 899 Πτολεμ-

225 931 419 1005 μαῖος
449 915 588 1004 ἤδη
624 922 1030 1011 παυσαμένῳ
1067 926 1186 1006 τῆς
1225 926 1317 1005 εἰς
1348 920 1468 989 τὸν
1495 921 1794 1009 ἀδελφὸν
1827 914 2084 1011 ἀτιμίας
2108 950 2232 992 κα-

232 1025 545 1105 ταβαλεῖν
603 1017 724 1086 τὸν
769 1023 1010 1106 ἔρωτα·
1057 1022 1167 1087 καὶ
1212 1019 1341 1106 γὰρ
1407 1019 1683 1109 αἰσχρὸν
1749 1020 1919 1113 εἶναι
1982 1024 2235 1108 δούλης

123 1204 128 1211 ι
228 1113 615 1203 ἡττώμενον
671 1114 1067 1204 ἀποστερεῖν
1128 1119 1265 1213 μὲν]
1311 1117 1523 1188 αὑτὸν
1591 1124 1712 1205 τῆς
1789 1118 2056 1201 εὐνοίας
2118 1126 2235 1206 τῆς

125 1244 190 1283 ἰο
227 1215 407 1301 παρὰ
445 1219 799 1306 βασιλέως,
844 1225 1061 1286 αἴτιον
1092 1220 1165 1286 δὲ
1197 1215 1485 1310 κάκείνῳ
1516 1225 1803 1305 ταραχῆς
1844 1220 1969 1291 καὶ,
1997 1224 2234 1308 μίσους

227 1315 396 1404 πρὸς
447 1313 659 1384 αὐτὸν
711 1323 1187 1386 καθίστασθαι.
1264 1315 1452 1385 ταῦτ’
1500 1320 1753 1397 ἐκεῖνος
1799 1317 1990 1396 είδῶς
2039 1325 2232 1385 λυσι-

227 1412 592 1500 τελήσοντα
656 1421 752 1504 τῶ
817 1419 928 1483 καὶ
979 1415 1312 1502 πρότερον
1359 1420 1435 1484 ἐν
1487 1421 1828 1504 διαβολαῖς
1872 1414 2234 1502 γενόμενος
2272 1468 2285 1491 s

226 1521 734 1602 συνεγνῶσθαι,
791 1516 916 1601 τὴν
957 1515 1082 1601 μὲν
1124 1512 1533 1603 ἄνθρωπον,
1588 1512 1718 1603 ἤδη
1760 1516 1871 1583 καὶ
1915 1518 2118 1582 παῖδα
2164 1517 2247 1595 ἐξ,

225 1610 431 1699 αὐτῆς
468 1618 672 1702 ἔχων,
722 1610 1217 1700 ἀποπέμπεται,
1264 1621 1526 1701 βασιλεῖ
1556 1616 1630 1682 δὲ
1660 1609 1990 1701 ὡμολόγει
2023 1613 2233 1700 λήψε-

137 1741 192 1783 15
229 1727 392 1786 σθαι
433 1714 557 1803 τὴν
581 1706 925 1799 δευτέραν
983 1711 1197 1781 αυτοῦ
1238 1717 1616 1803 θυγατέρα,
1671 1717 1782 1784 καὶ
1834 1712 2232 1802 τριακοστὴν

220 1816 477 1905 ημέραν
520 1816 849 1885 συνέθετο
881 1819 1006 1882 τοῦ
1046 1814 1303 1899 γ’άμου,
1348 1813 1945 1901 συνεπομνύμενος
1989 1811 2079 1894 ῶς
2109 1812 2264 1882 ού-·

224 1917 343 1984 &zv
398 1918 546 1983 ἔτι
555 1915 943 2000 κοινώνημα
1006 1909 1175 1999 πρὸς
1234 1908 1360 1997 τὴν
1412 1909 1978 2000 ἀποπεμφθεῖσαν
2029 1916 2232 1981 ἔσται.

229 2019 653 2106 διελθουσῶν
681 2013 759 2080 δὲ
793 2020 932 2080 τῶν
957 2011 1318 2100 τριάκοντα
1346 2007 1617 2096 ἡμερῶν
1644 2018 1974 2090 τοσοῦτον
2001 2038 2089 2098 ην
2113 2010 2235 2098 ἥτ-
2344 2077 2351 2080 ι

233 2139 370 2180 των
408 2137 529 2179 του
562 2117 806 2202 ἔρωτος
836 2108 1007 2180 ωστε
1034 2112 1244 2198 μηδὲν
1276 2109 1401 2196 μὲν
1437 2114 1536 2177 ἔτι
1564 2118 1836 2196 ποιῆσαι
1877 2117 2014 2177 τῶν
2053 2108 2236 2197 ῶμοη

134 2240 197 2282 2ο
225 2213 651 2298 λογημένων,
707 2210 911 2284 πάλιν
954 2210 1028 2278 δὲ
1070 2215 1399 2279 διατελεῖν
1440 2209 1549 2276 ἐπὶ
1587 2214 1675 2297 τῇ
1708 2211 1957 2330 πρώτῃ.
2027 2214 2238 2277 ταῦτα

228 2317 542 2401 φανερῶς
571 2307 700 2397 ἤδη
724 2308 845 2378 τὸν
871 2307 1178 2395 Ἡρώδην
1207 2306 1439 2383 ἐλύπει
1469 2309 1580 2376 καὶ
1610 2309 1778 2395 πρὸς
1809 2306 2023 2398 ὀργὴν
2050 2304 2236 2404 ἦγεν.

223 2404 401 2499 ἦσαν
442 2436 570 2479 ουν
613 2410 804 2496 λόγοι
847 2410 1026 2489 τινες
1060 2405 1165 2476 ἀεὶ
1197 2399 1739 2495 προσπίπτοντες
1785 2406 1948 2498 παρ’
2001 2406 2238 2495 αὐτοῦ,

224 2515 339 2606 καὶ
370 2512 607 2579 πολλοὶ
635 2508 761 2596 τὴν
798 2506 1011 2597 ὀργὴν
1041 2514 1166 2576 τοῦ
1197 2509 1522 2596 βασιλέως
1558 2504 1872 2596 ἀφορμὴν
1907 2515 2045 2576 τῶν
2071 2509 2241 2577 κατὰ
2348 2551 2357 2558 -

229 2599 514 2696 Φερώρα
563 2615 899 2696 διαβολῶν
949 2610 1327 2677 ἐποιοῦντο.
1422 2610 1711 2675 διέλειπε
1767 2608 1840 2676 δὲ
1891 2605 2021 2676 οὐκ
2083 2606 2235 2677 ἔσθ’
2308 2649 2314 2661 ·

137 2740 195 2780 25
229 2734 378 2797 ητις
415 2703 664 2794 ἡμέρας
714 2704 867 2790 οὐδ’
913 2702 1055 2793 ὥρα
1106 2703 1269 2774 καθ’
1311 2702 1401 2792 ἢν
1448 2702 1785 2829 ἀτρεμεῖν
1803 2703 1986 2795 αύτῶ
2037 2709 2241 2774 συνέ-

227 2818 499 2900 βαινεν,
544 2803 695 2875 ἀλλ’
738 2805 845 2874 ἀει
868 2831 933 2874 τι
977 2808 1387 2892 προσέπιπτε
1433 2803 1673 2874 καινὸν
1714 2805 2069 2893 ἀγώνισμα
2102 2813 2241 2873 τῶν

228 2912 584 2996 συγγενῶν
638 2906 750 2973 καὶ
811 2903 1152 2991 φιλτάτων
1204 2909 1298 2984 εἰς
1362 2900 1695 2992 ἀλλήλους
1751 2905 2239 2991 πεποιημένων.

226 3016 428 3077 τοῦτο
477 3008 603 3094 μὲν
654 3003 782 3092 γὰρ
827 3001 869 3092 ἡ
920 3003 1218 3091 Σαλώμη
1263 3003 1513 3091 χαλεπὴ
1558 3005 1670 3073 καὶ
1729 3006 2026 3085 δύσνους
2069 2996 2243 3071 οὖσα

227 3109 463 3186 τοῖςέκ
492 3103 942 3192 Μαριάμμης,
989 3099 1151 3171 οὐδὲ
1181 3101 1307 3190 τὴν
1339 3104 1579 3189 ἑαυτῆς
1617 3104 1963 3190 θυγατέρα
2004 3122 2241 3171 συνοι-

19 3213 22 3216 ’
111 3209 198 3274 ”3ο
231 3210 490 3272 κοῦσαν
522 3200 1044 3293 Ἀριστοβούλῳ,
1086 3203 1355 3292 θατέρῳ
1392 3205 1531 3269 τῶν
1564 3206 1972 3289 νεανίσκων,
2023 3209 2126 3269 εἴα
2161 3207 2243 3291 τῇ

227 3309 353 3373 τοῦ
385 3302 606 3389 γάμου
645 3301 813 3392 πρὸς
847 3306 1108 3371 ἐκεῖνον
1137 3299 1393 3390 ἐὐνοίᾳ
1434 3307 1766 3390 χρῆσθαι,
1808 3299 2031 3386 λέγειν
2074 3309 2143 3369 εί
2177 3327 2241 3368 τι

231 3400 581 3487 λαλήσειεν
625 3399 772 3471 κατ’
823 3407 1000 3472 ἰδίαν
1041 3399 1514 3471 ἀναπείθουσα
1544 3400 1654 3467 καὶ.
1693 3397 1978 3484 μηνύειν
2014 3399 2238 3483 ἑαυτῇ,
