2500 3882
733 157 1686 217 ΤΕΣΣΑΡΕΣΚΑΙΔΕΚΛΤΗ
2064 155 2183 217 217
2254 144 2270 154 “

202 334 468 417 θοῦντι,
499 329 794 417 τέταρτοι
823 320 970 399 δὲ
910 353 1101 420 ησαν
1125 334 1197 399 οί
1229 332 1305 399 ἐν
1323 326 1742 436 Ἱεριχοῦντι,
1773 330 1882 400 καὶ
1913 328 1987 399 τὸ
2014 334 2185 461 πέμ-

201 458 368 503 πτον
399 435 475 501 έν
500 431 867 521 Σεπφώρει
892 439 1008 520 τῆς
1040 440 1419 513 Γαλιλαίας.

340 536 456 605 καὶ
484 540 553 603 οι
575 562 709 622 μεν
727 531 1220 624 ἀπηλλαγμένοι
1253 542 1366 625 τῆς
1394 539 1787 618 δυναστείας
1814 539 1888 606 ἐν
1916 533 2184 636 ἀριστο-

204 645 444 728 κρατια
485 642 755 724 διῆγον·
806 634 1324 742 Ἀριστοβούλου
1366 638 1441 708 δὲ
1484 637 1881 727 διαδράντος
1922 643 1995 709 ἐκ
2025 637 2184 711 Ῥώ-
2214 644 2262 707 6

154 775 181 814 5
207 769 329 829 μης
364 747 459 821 εἰς
484 737 607 828 τὴν
629 716 1027 828 Ἰουδαίαν,
1039 743 1153 811 καὶ
1203 739 1280 810 τὸ
1312 738 1929 831 Ἀλεξάνδρειον,“
1888 770 2053 872 οπερ
2095 735 2184 832 ἦν

207 845 446 912 νεωστὶ
501 845 1074 970 κατεσκαμμένον,
1130 835 1564 932 ἀνατειχίζειν
1619 849 2182 934 προαιρουμένου,

208 946 447 1034 πέμπει
483 953 800 1035 Γαβίνιος
837 942 943 1017 ἐπ’
982 944 1198 1016 αὐτὸν
1233 945 1636 1036 στρατιώτας
1686 950 1798 1020 καὶ
1853 944 2188 1037 ἡγεμόνας

118 1039 128 1056 ’
208 1048 548 1119 Σίσεννάν
584 1076 657 1118 τε
700 1052 812 1119 καὶ
848 1046 1207 1119 ’Λντώνιον
1238 1052 1351 1130 καὶ
1395 1055 1790 1139 Σερβίλιον,
1835 1051 2185 1122 κωλύσον-

198 1149 323 1231 τάς
361 1178 431 1221 τε
489 1150 564 1221 τὸ
625 1159 871 1243 χωρίον
917 1149 1129 1221 αὐτὸν
1185 1167 1539 1241 κατασχεῖν
1590 1154 1704 1221 καὶ
1754 1158 2182 1243 συλληψομέ-

124 1282 176 1324 ιο
209 1281 372 1334 νους
418 1251 648 1324 αὐτόν.
722 1255 958 1325 πολλοὶ
1017 1251 1082 1324 δ’
1126 1249 1613 1384 Ἀριστοβούλω
1664 1261 1801 1324 τών
1841 1252 2186 1327 Ἰουδαίων
2258 1322 2268 1327 -

207 1355 376 1427 κατὰ
435 1355 559 1445 τὴν
610 1357 905 1428 παλαιὰν
945 1354 1259 1430 ευκλειαν
1298 1360 1738 1447 προσέρρεον,
1797 1359 1909 1427 καὶ
1947 1356 2032 1446 δὴ
2073 1361 2189 1429 καὶ

209 1460 560 1549 νεωτέροις
598 1468 942 1549 χαίροντες
983 1460 1345 1550 πράγμασι.
1432 1458 1814 1540 Πειθόλαος
1852 1466 2022 1549 γοῦν
2069 1480 2186 1548 τις,

211 1559 707 1651 ὑποστράτηγος
734 1566 808 1632 ἐν
832 1560 1312 1652 Ἱεροσολύμοις
1340 1560 1472 1651 ών,
1514 1560 1679 1651 μετὰ
1715 1570 1949 1651 χιλίων
1983 1560 2190 1652 ηὐτο-

211 1663 463 1753 μόλησε
501 1665 666 1755 πρὸς
720 1663 951 1738 αὐτόν.
1047 1666 1286 1735 πολλοὶ
1329 1667 1406 1736 δὲ
1457 1671 1593 1736 τών
1645 1668 2191 1756 προστιθεμένων

123 1798 177 1838 15
210 1758 387 1860 ἦσαν
414 1764 712 1838 ανοπλοι.
782 1767 1163 1859 διεγνωκώς
1192 1770 1268 1837 δὲ
1302 1776 1395 1850 εἰς
1424 1775 1912 1857 Μαχαιροῦντα
1945 1767 2190 1840 ἀπανί-
2299 1787 2302 1792 “

210 1881 499 1943 στασθαι
513 1866 1018 1962 Ἀριστόβουλος
1056 1870 1340 1954 τούτους
1376 1872 1500 1962 μὲν
1534 1869 1867 1944 ἀπέλυσεν
1893 1869 2192 1963 ἀπόρους
2293 1875 2300 1881 ’

213 1971 409 2056 ὄντας
451 1971 564 2059 (οὐ
607 1973 735 2064 γὰρ
764 1977 1065 2064 ἐγίνοντο
1105 1971 1289 2068 αὐτῷ
1328 1975 1637 2065 χρήσιμοι
1679 1974 1845 2062 πρὸς
1869 1974 1949 2045 τὰ
1977 1983 2189 2065 ἔργα),

212 2075 370 2158 τοὺς
396 2077 472 2147 δὲ
503 2072 962 2167 ὡπλισμένους
988 2080 1155 2167 περὶ
1171 2074 1700 2166 ὀκτακισχιλίους
1716 2075 1911 2158 ὄντας
1938 2075 2205 2172 ἀναλα-Δ

211 2178 356 2269 βών
399 2177 624 2273 ᾤχετο.
705 2183 818 2250 καὶ
858 2178 1384 2271 ,προσπεσόντων
1421 2177 1651 2260 αὐτοῖς
1692 2186 1827 2249 τών
1856 2177 2193 2269 Ῥωμαίων

122 2290 584 2372 εοκαρτερώς,
628 2279 956 2371 ἡττῶνται
994 2289 1075 2373 τῇ
1116 2282 1291 2374 μάχῃ
1347 2289 1718 2373 [γενναίως]
1759 2288 1830 2353 οἰ
1858 2278 2191 2370 Ἰουδαῖοι,

200 2392 456 2475 ,καίπερ
496 2385 869 2475 προθύμως
910 2382 1434 2476 ἀγωνισάμενοι,
1476 2389 1900 2475 βιασαμένων
1941 2412 2013 2456 τε
2058 2393 2193 2457 τῶν

213 2494 555 2577 πολεμίων
596 2495 690 2570 εἰς
733 2487 964 2579 φυγὴν
1002 2492 1373 2578 τρέπονται.
1455 2492 1569 2559 καὶ
1609 2489 2014 2578 φονεύονται
2070 2486 2195 2580 μὲν

214 2587 445 2659 αὐτῶν
474 2597 566 2671 εἰς
593 2598 1184 2681 πεντακισχιλίους,
1213 2598 1285 2662 οἰ
1310 2593 1385 2663 δὲ
1418 2595 1638 2663 λοιποὶ
1667 2596 2194 2664 διασκεδασθέν-

215 2717 327 2773 τες
380 2718 469 2771 ως
519 2692 840 2764 ἐδύναντο
896 2694 1130 2779 σώζειν
1182 2691 1428 2776 αὐτους
1479 2698 1862 2785 ἐπειρῶντο.
1961 2703 2197 2782 χιλίων

127 2825 180 2864 25
202 2796 449 2884 μέντοι
487 2802 795 2877 πλείονας
834 2803 1006 2885 ἔχων
1038 2794 1540 2886 Ἀριστόβουλος
1585 2803 1679 2877 εἰς
1710 2804 2197 2919 Μαχαιροῦντα

214 2898 581 2986 διέφυγεν,
621 2893 890 2989 ώχύρου
929 2927 1002 2970 τε
1039 2897 1112 2970 τὸ
1154 2904 1435 2987 χωρίον,
1474 2900 1587 2968 καὶ
1630 2898 1939 2985 πράττων
1978 2905 2199 2978 κακῶς
2271 2930 2281 2951 x

98 3074 101 3083 ,
214 2991 494 3072 οὐδὲν
449 3029 648 3089 ηττον
677 3006 946 3082 ἐλπίδος
970 2999 1233 3092 ἀγαθῆς
1263 3011 1490 3088 εἴχετο.
1544 2999 1670 3070 δύο
1698 2997 1763 3069 δ’
1796 2996 2105 3088 ἡμέρας’
2069 3028 2193 3069 αν-

212 3101 463 3193 τισχων
488 3111 568 3195 τῇ
596 3111 949 3196 πολιορκία
974 3107 1089 3175 καὶ
1108 3102 1322 3174 πολλὰ
1340 3101 1682 3227 τραύματα
1708 3101 1936 3192 λαβών
1956 3101 2193 3211 αἰχμά-

214 3198 423 3289 λώτος
449 3204 595 3297 μετ’
621 3205 1014 3296 Ἀντιγόνου
1036 3213 1158 3277 τοῦ
1188 3205 1458 3293 παιδός,
1503 3201 1577 3287 ὸς
1615 3202 1704 3293 δὴ
1739 3207 1851 3274 καὶ
1893 3206 2197 3293 συνέφυ-

129 3329 181 3372 30
211 3320 336 3398 γεν
362 3313 453 3381 ἐκ
482 3307 732 3399 Ῥώμης
774 3305 995 3401 αὐτῷ,
1038 3308 1204 3401 πρὸς
1236 3305 1630 3398 Γαβίνιον”
1588 3335 1838 3396 αγεται.
1917 3310 2028 3377 καὶ
2058 3337 2196 3403 τοι-ς

87 3440 96 3449 ·
213 3412 390 3501 αύτῃ
444 3411 570 3501 μὲν
613 3408 1119 3501 Ἀριστόβουλος
1171 3411 1579 3502 χρησάμενος
1630 3410 1797 3500 τύχῃ
1846 3409 2049 3481 πάλιν
2102 3394 2197 3492 εἰς

203 3511 465 3602 Ῥώμην
493 3512 980 3604 ἀναπέμπεται,
1015 3516 1129 3585 καὶ
1157 3517 1383 3596 δεθεὶς
1408 3511 1656 3585 αὐτόθι
1680 3518 2036 3602 κατείχετο,
2069 3521 2195 3602 βα·-
