2500 3882
293 115 415 181 290
1098 116 1503 177 ΙΩΣΗΠΟΤ

297 291 788 381 προπετῶςκαὶ,
806 287 1230 360 παντάπασιν
1260 286 1558 379 ἆνοήτως
1585 296 1853 380 πατρίσι
1881 291 1996 360 καὶ
2023 304 2293 378 γενεαῖς

299 394 412 466 καὶ
439 398 676 484 σφίσιν
704 388 933 475 αὐτοῖς
948 381 1078 463 ’τὸν
1099 394 1261 483 ’περὶ
1301 399 1440 463 τῶν
1465 392 1760 481 ἐσχάτων
1782 399 2010 464 κακῶν
2040 398 2290 464 κίνδυ-

302 524 425 569 νον
450 496 745 586 ἐπάγειν.
827 501 1038 565 ταῦτα
1064 490 1133 565 δ’
1178 502 1413 584 ἔλεγον
1450 497 1566 565 καὶ
1610 503 1907 585 λιπαρῶς
1932 498 2290 586 ἐνεκείμην

197 593 210 606 ’
302 597 720 690 ἀποτρέπων,
749 599 1279 686 δυστυχέστατον
1305 595 1468 688 ἡμῖν
1507 604 1627 669 τοῦ
1667 601 1962 689 πολέμου
1988 597 2063 668 τὸ
2100 601 2293 679 τέλος

302 700 710 793 γενήσεσθαι
728 700 1217 791 προορώμενος.
1292 698 1377 771 ού
1407 699 1544 791 μὴν
1568 707 1827 773 ἔπεισα·
1885 700 2057 772 πολὺ
2085 699 2219 792 γὰρ
2240 698 2290 790 ἡ
2322 730 2349 770 5
2438 677 2454 768 4

303 811 438 877 τῶν
467 801 990 892 ἀπονοηθέντων
1017 804 1424 895 ἐπεκράτησε
1450 810 1674 894 μανία.
2008 859 2019 863 -

134 984 143 992 ,
242 927 275 979 5
456 912 683 987 δείσας
717 911 889 995 γοῦν
929 904 1021 995 μὴ
1064 912 1275 979 ταῦτα
1314 914 1614 997 συνεχῶς
1654 908 1873 995 λέγων
1903 906 2019 978 διὰ
2048 913 2297 997 μίσους

306 1009 675 1100 ἀφικοίμην
714 1009 829 1078 καὶ
870 1005 1169 1092 ὑποψίας
1210 1006 1299 1092 ῶς
1337 1008 1418 1080 τὰ
1455 1016 1592 1081 τῶν
1617 1015 1959 1099 πολεμίων
1986 1017 2295 1102 φρονῶν,

306 1115 420 1184 καὶ
445 1110 872 1183 κινδυνεύσω
897 1114 1191 1202 ληφθεὶς
1217 1109 1337 1185 ὑπ’
1376 1110 1604 1200 αὐτῶν
1635 1109 2108 1204 ἀναιρεθῆναι,
2140 1116 2295 1202 ἐχο-

309 1219 511 1307 μένης
537 1212 667 1304 ἤδη
700 1221 817 1304 τῆς
841 1211 1221 1304 Ἀντωνίας,
1256 1211 1422 1307 ὅπερ
1451 1207 1540 1306 ἦν
1565 1215 1920 1306 φρούριον,
1951 1221 2045 1296 εἰς
2070 1215 2145 1285 τὸ
2176 1218 2295 1288 ἐν-·μ
2330 1240 2376 1281 ιο

313 1322 565 1412 δοτέρω
596 1315 781 1409 ἱερὸν
805 1314 1223 1409 ὑπεχώρησα.
1279 1316 1447 1408 μετὰ
1479 1318 1555 1391 δὲ
1591 1317 1716 1408 τὴν
1745 1315 2097 1410 ἀναίρεσιν
2130 1327 2296 1388 Μα-

313 1422 576 1511 ναήμου
602 1423 716 1491 καὶ
742 1428 878 1491 τῶν
906 1421 1193 1512 πρῶτων
1217 1430 1339 1498 τοῦ,
1365 1425 1728 1514 λῃστρικοῦ
1753 1429 2057 1511 στίφους,
2088 1418 2297 1505 ὑπεξ-

315 1523 542 1595 ελθῶν
581 1529 705 1594 τοῦ
747 1528 935 1624 ίεροῦ
976 1524 1181 1595 πάλιν
1205 1540 1343 1606 τοῖς
1368 1522 1752 1615 ἀρχιερεῦσι
1786 1526 1900 1596 καὶ
1936 1540 2074 1607 τοῖς
2104 1525 2297 1612 πρῶ-

311 1654 451 1718 τοις
488 1632 625 1696 τῶν
668 1619 1062 1714 Φαρισαίων
1111 1630 1602 1753 συνδιέτριβον.
1689 1624 1902 1724 φόβος
1956 1623 2023 1696 δ’
2068 1623 2299 1704 οὐκέτι
2353 1702 2357 1708 ,

313 1731 574 1818 μέτριος
628 1725 803 1816 εἶχεν
853 1722 1057 1817 ημᾶς,
1113 1724 1412 1819 ὁρῶντας
1464 1728 1584 1800 τὸν
1621 1730 1746 1818 μὲν
1791 1735 2008 1819 δῆμον
2044 1734 2120 1800 ἐν
2161 1744 2300 1813 τοῖς
2333 1757 2378 1798 15

315 1828 577 1911 ὅπλοις·
638 1826 831 1900 αὐτοὶ
871 1826 935 1904 δ’
978 1857 1167 1912 οντες
1205 1835 1282 1902 ἐν
1329 1828 1560 1928 άπόρω
1601 1840 1674 1902 τί
1709 1831 2130 1922 ποιήσωμεν,
2183 1834 2304 1904 καὶ

316 1962 475 2016 τους
500 1931 937 2025 νεωτεριστὰς
977 1933 1222 2007 παύειν
1261 1931 1346 2006 ού
1387 1935 1788 2027 δυνάμενοι,
1829 1936 2178 2029 προδήλου
2224 1933 2294 2007 δ’

319 2036 504 2165 nutv„
530 2044 654 2108 τοῦ
708 2035 1037 2109 κινδύνου
1089 2046 1543 2139 παρεστῶτος,
1595 2039 2124 2130 συγκατανεύειν
2175 2039 2302 2129 μὲν

321 2140 548 2212 αὐτῶν
604 2156 746 2224 ταῖς
796 2139 1094 2230 γνῶμαις
1158 2145 1524 2233 ἐλέγομεν,
1572 2141 2156 2232 συνεβουλεύομεν
2225 2143 2304 2213 δὲ

320 2246 550 2333 μένειν
579 2241 689 2332 ἐφ’
722 2239 951 2326 αὐτῶν
977 2245 1090 2313 καὶ
1118 2272 1278 2327 τους
1319 2251 1679 2335 πολεμίους
1706 2241 2129 2331 ἀπελθόντας
2154 2247 2384 2334 &imm

322 2352 693 2430 ἐλπίζοντες
718 2342 846 2414 οὐκ
876 2350 971 2426 είς
999 2345 1265 2436 μακρὰν
1288 2345 1611 2438 Γέσσιον,
1646 2345 1811 2439 μετὰ
1850 2347 2142 2438 μεγάλης
2166 2352 2298 2419 δυ-

320 2447 579 2572 νάμεως
607 2444 969 2539 αναβάντα,
997 2448 1282 2519 παύσειν
1307 2446 1428 2519 τὸν
1453 2451 1917 2540 νεωτερισμόν.
1972 2486 1977 2489 ·

258 2564 291 2619 6
470 2578 506 2620 ο
539 2546 601 2620 δ’
633 2546 945 2621 έπελθων
970 2552 1084 2620 καὶ
1108 2549 1475 2641 συμβαλῶν
1499 2554 1673 2646 μάχη
1693 2553 1999 2645 ἐνικήθη,
2028 2560 2303 2623 πολλῶν

323 2659 458 2723 τῶν
501 2649 643 2743 μετ’
692 2649 905 2724 αὐτοῦ
958 2653 1322 2726 πεσόντων.
1406 2658 1524 2727 καὶ
1580 2664 1836 2747 γίνεται
1886 2654 1960 2727 τὸ
2010 2662 2304 2726 Γεσσίου

324 2771 616 2846 πταῖσμα
640 2755 955 2846 συμφορὰ
991 2762 1114 2828 τοῦ
1157 2756 1406 2841 παντὸς
1434 2756 1637 2848 ημῶν
1660 2766 1939 2842 ἔθνους·
1997 2758 2391 2850 ἐπήρθη-π
2376 2754 2379 2759 ⁴

326 2856 452 2929 σάν
493 2888 621 2951 γαρ
660 2860 769 2929 ἐπὶ
811 2859 1027 2953 τούτῳ
1065 2866 1322 2948 μᾶλλον
1358 2866 1432 2931 οί
1448 2861 1568 2933 τὸν
1593 2862 1885 2950 πόλεμον
1912 2859 2310 2951 ἀγαπήσαν-

327 2991 465 3051 τες,
508 2965 622 3033 καὶ
662 2960 1049 3050 νικήσαντες
1087 2960 1246 3046 τούς
1277 2959 1636 3059 Ῥωμαίους
1663 2971 1758 3048 είς
1781 2966 1965 3047 τέλος
1990 2960 2311 3053 ἤλπισαν,

330 3062 1013 3187 προσγενομένηςκαῖ
1072 3067 1299 3159 ἑτέρας
1351 3065 1532 3151 τινὸς
1568 3067 1882 3157 τοιαύτης
1928 3072 2161 3149 αἰτίας.
2194 3081 2200 3086 “
2218 3072 2323 3141 οἷ
2398 3120 2411 3141 .

326 3163 443 3257 τὰς
482 3169 670 3258 πέριξ
709 3194 825 3255 της
865 3174 1127 3260 Συρίας
1163 3168 1391 3253 πόλεις
1436 3178 1899 3254 κατοικοῦντες
1941 3199 2102 3251 τους
2138 3167 2310 3260 παρ’

326 3263 587 3347 ἑαυτοῖς
634 3266 1001 3352 Ἰουδαίους
1050 3272 1633 3370 συλλαμβάνοντες
1692 3270 1825 3344 σὺν
1872 3274 2140 3362 γυναιξὶ
2194 3275 2319 3344 καὶ
2345 3302 2390 3341 an

324 3359 616 3444 ²‘'·‘³‘⁴‘'‘²'0⁶s3
634 3367 966 3460 ἀνῄρουν,
1027 3371 1360 3464 οὐδεμίαν
1412 3374 1638 3459 αὐτοῖς
1680 3382 1902 3445 αἰτίαν
1962 3379 2323 3453 ἐπικαλεῖν

320 3455 611 3540 ἔχοντες
671 3469 829 3541 οὔτε
869 3502 997 3566 γαρ
1035 3477 1148 3548 ἐπὶ
1174 3473 1515 3575 Ῥωμαίων
1566 3477 1923 3551 ἀποστάσει
1964 3478 2312 3571 νεώτερόν
