2500 3882
314 114 433 177 128
977 114 1629 177 ΑΡΧΑΙΟΛΟΙἸΑΣ

304 288 599 370 στάσεως
628 284 971 361 ἐνδιδόναι
997 295 1296 376 ποίησιν·
1354 282 1546 356 αὐτοὶ
1575 282 1647 356 δ’
1680 282 1794 376 ἐφ’
1836 286 2100 356 ἑαυτῶν
2137 290 2314 371 {621-

299 420 415 474 τες
443 398 753 483 διακονίᾳ
777 397 861 481 τῇ
887 386 983 461 ἐπ’
1015 388 1346 480 ἀλλήλους
1374 393 1796 516 ἐπιχρῶνται.
1827 387 2203 471 ἀποδέκτας
2233 391 2318 461 δὲ

303 501 443 567 τῶν
469 495 824 586 προσόδων
850 497 1308 584 χειροτονοῦσι
1349 494 1462 562 καὶ
1490 489 1704 563 ὁπόσα
1723 489 1765 583 ή
1793 499 1879 582 γῆ
1909 491 2229 583 φέροι,”
2183 523 2312 565 αν-

305 604 468 690 δρας
494 596 828 687 ἀγαθούς,
873 602 1073 687 ἱερεῖς
1109 623 1183 665 τε
1211 593 1341 672 διὰ
1352 603 1623 685 ποίησιν
1648 604 1841 667 σίτου
1875 622 1949 665 τε
1977 598 2091 666 καὶ
2119 603 2312 687 βρω-

302 702 552 793 μάτων.
591 706 745 786 ζῶσι
776 700 850 770 δὲ
870 695 1078 770 οὐδὲν
1102 701 1691 790 παρηλλαγμένως,
1719 696 1865 769 ἀλλ’
1890 695 1994 769 ὅτι
2020 698 2315 789 μάλιστα
2338 730 2366 772 5

254 840 265 849 -
306 810 617 896 ἐμφερεῖς
655 801 844 883 ὄντες
869 808 1122 873 Δακῶν
1146 818 1287 883 τοῖς
1311 811 1672 883 Πολισταῖς
1699 796 2104 892 λεγομένοις.

240 934 278 990 6
458 914 541 997 τῇ
576 905 653 976 δὲ
677 905 955 996 τετάρτῃ
983 911 1121 977 τῶν
1148 909 1573 994 φιλοσοφιῶν
1599 901 1636 974 ὁ
1664 913 2020 986 Γαλιλαῖος
2050 903 2315 987 Ἰούδας

303 1007 576 1102 ἡγεμών
611 1012 894 1099 κατέστη
910 1062 927 1095 ,
965 1000 1058 1099 .ἦς
1096 1013 1167 1078 οἱ
1204 1008 1518 1100 τρόφιμοι
1557 1006 1641 1078 τὰ
1676 1009 1804 1098 μὲν
1841 1007 2044 1080 λοιπά
2083 1008 2313 1080 πάντα

304 1113 536 1204 γνωμῃ
565 1117 702 1183 τῶν
728 1120 1121 1204 Φαρισαίων
1155 1107 1554 1203 ὁμολογοῦσι
1568 1162 1585 1196 ,
1628 1115 2028 1201 δυσνίκητος
2067 1113 2146 1183 δὲ
2183 1118 2312 1182 τοῦ

303 1218 675 1309 ἐλευθέρου
715 1222 883 1307 ἔρως
924 1222 1108 1287 ἔστιν
1147 1212 1410 1303 αὐτοῖς,
1459 1213 1669 1305 μόνον
1704 1211 2002 1307 ἡγεμόνα
2025 1217 2138 1287 καὶ
2189 1221 2306 1286 δε-
2349 1241 2393 1281 ιι

304 1321 560 1411 σπότην
596 1317 718 1391 τὸν
745 1318 916 1390 θεὸν
953 1316 1393 1409 ὑπειληφόσι·
1448 1317 1769 1389 θανάτων
1804 1347 1877 1390 τε
1905 1322 2089 1401 ίδέας
2128 1314 2308 1390 ὑπο-

303 1429 535 1514 μένειν
574 1425 1128 1525 παρηλλαγμένας
1167 1425 1242 1495 ἐν
1281 1417 1487 1515 ὄλίγω
1521 1429 1859 1509 τίθενται,
1903 1424 2017 1492 καὶ
2056 1443 2310 1511 συγγε-

302 1533 448 1597 νῶν
471 1534 792 1616 τιμωρίας
830 1528 945 1595 καὶ
986 1531 1245 1621 φίλων,
1286 1521 1460 1615 ὑπὲρ
1486 1530 1610 1594 τοῦ
1650 1529 1909 1615 μηδένα
1932 1522 2313 1616 ανθρωπον

304 1628 832 1721 προσαγορεύειν
871 1628 1223 1717 δεσπότην.
1278 1627 1603 1718 ἑωρακόσι
1641 1629 1716 1698 δὲ
1742 1644 1906 1710 τοῖς
1916 1638 2191 1712 πολλοῖς
2232 1628 2314 1700 τὸ

303 1730 798 1824 ἀμετάλλακτον
822 1728 1048 1802 αυτῶν
1085 1737 1201 1820 τῆς
1228 1732 1338 1800 ἐπὶ
1366 1731 1690 1813 τοιούτοις
1722 1727 2154 1814 ὑποστάσεως
2183 1761 2306 1804 πε·
2347 1769 2389 1812 15

304 1838 589 1926 ραιτέρω
629 1840 936 1905 διελθεῖν
976 1836 1376 1924 παρέλιπον·
1450 1829 1533 1904 οὐ
1575 1833 1705 1926 γὰρ
1761 1840 2036 1906 δέδοικα
2074 1834 2166 1926 μὴ
2211 1843 2309 1918 εἰς

303 1938 622 2011 ἀπιστίαν
647 1934 1021 2028 ὑποληφθῇ
1043 1967 1107 2009 τι
1133 1943 1273 2009 τῶν
1296 1941 1684 2029 λεγομένων
1711 1936 1817 2010 ἐπ’
1848 1937 2110 2026 αὐτοῖς,
2141 1938 2306 2011 τοῦ-
2466 1991 2468 2052 Α

199 2132 207 2137 -
300 2050 577 2115 ναντίον
604 2043 682 2114 δὲ
705 2039 797 2168 μή
825 2041 1197 2123 ἐλασσόνως
1221 2047 1348 2112 τοῦ
1374 2044 1656 2113 ἐκείνων
1680 2043 2304 2138 καταφρονήματος,
2465 2085 2466 2092 1

303 2148 670 2236 δεχομένου
715 2143 840 2237 τὴν
885 2151 1347 2237 ταλαιπωρίαν
1397 2149 1513 2236 τῆς
1556 2143 1958 2236 ἀλγηδόνος,
2015 2144 2052 2217 ὁ
2099 2148 2307 2236 λόγος
2461 2097 2466 2196 4

303 2248 663 2339 ἀφηγῆται.
706 2245 902 2318 ἀνοία
927 2275 999 2319 τε
1026 2254 1107 2339 τῆ
1133 2252 1467 2319 ἐντεῦθεν
1484 2245 1725 2373 h‘ossaeoew
1743 2266 1975 2326 νοσεῖν
2000 2249 2076 2322 τὸ
2096 2258 2304 2333 ἔθνος
2334 2285 2388 2325 20
2461 2227 2464 2340 1

302 2358 590 2423 Γεσσίου
617 2348 938 2439 Φλώρου,
980 2348 1053 2432 ὃς
1079 2347 1352 2441 ἡγεμων
1375 2343 1497 2440 ἦν,
1537 2357 1621 2444 τῇ
1647 2355 1915 2446 ἐξουσίᾳ
1952 2381 2075 2426 του
2100 2350 2302 2445 υβρί-

299 2464 437 2540 ζειν
464 2452 959 2543 ἀπονοήσαντος
984 2451 1230 2536 αὐτους
1256 2452 1623 2543 ἀποστῆναι
1658 2452 2017 2546 Ῥωμαίων.

231 2573 277 2636 2
454 2559 567 2627 καὶ
596 2565 1062 2647 φιλοσοφεῖται
1101 2558 1227 2647 μὲν
1257 2554 1607 2639 Ἰουδαίοις
1631 2561 1905 2631 τοσάδε·
1957 2560 2306 2651 Κυρήνιος

304 2663 380 2734 δὲ
406 2661 488 2734 τὰ
513 2659 872 2752 Ἀρχελάου
899 2658 1199 2752 χρήματα
1217 2659 1652 2752 ἀποδόμενος,
1682 2661 1811 2754 ηδη
1837 2665 1951 2733 καὶ
1969 2669 2110 2752 τῶν
2127 2662 2301 2735 ἀπο-

301 2764 638 2856 τιμήσεων
676 2766 880 2855 πέρας
921 2768 1253 2853 έχουσῶν,
1313 2772 1386 2835 αἳ
1421 2769 1728 2853 ἐγένοντο
1770 2773 2142 2862 τριακοστῶ
2153 2767 2300 2838 καὶ
2334 2801 2384 2842 π

305 2870 566 2963 εβδόμω
608 2873 742 2937 ἔτει
769 2866 933 2957 μετὰ
966 2865 1334 2938 Ἀντωνίου
1362 2872 1440 2939 έν
1469 2860 1776 2964 Ἀκτίω
1732 2898 1938 2960 ητταν
1966 2867 2101 2942 ὑπὸ
2126 2879 2304 2941 Καί-

232 3025 246 3036 .
302 2996 538 3066 σαρος,
569 2968 920 3061 Ἰωάζαρον
959 2969 1078 3042 τὸν
1118 2969 1429 3063 ἀρχιερέα
1468 2977 2131 3046 καταστασιασθέντα
2168 2970 2307 3045 ὑπὸ

298 3084 417 3167 τῆς
443 3073 750 3165 πληθύος
775 3072 1187 3166 ἀφελόμενος
1224 3073 1301 3145 τὸ
1329 3073 1586 3165 ἀξίωμα
1611 3082 1727 3166 τῆς
1753 3082 1977 3167 τιμῆς,
2008 3075 2307 3149 Ἄνανον

300 3178 421 3249 τὸν
453 3180 606 3248 Σὲθ
642 3179 792 3269 ἰστᾷ
826 3175 1153 3270 ἀρχιερέα.
1218 3174 1520 3269 Ἡρώδης
1561 3179 1637 3250 δὲ
1675 3182 1788 3251 καὶ
1818 3188 2155 3262 Φίλιππος
2191 3210 2303 3253 τε-

301 3287 625 3367 τραρχίαν
689 3280 995 3372 ἑκάτερος
1056 3279 1180 3371 τὴν
1249 3283 1524 3375 ἑαυτοῦ
1558 3284 2044 3374 παρειληφότες
2096 3295 2303 3356 καθί-
2336 3313 2387 3355 ao

305 3399 567 3447 σταντο.
612 3385 725 3451 καὶ
745 3378 1055 3510 Ἡρῶδης
1066 3361 1440 3476 Σέπφωριν
1463 3392 1773 3476 τειχίσας,
1805 3388 2154 3480 πρόσχημα
2180 3395 2307 3460 τοῦ

305 3485 668 3549 Γαλιλαίου
694 3487 973 3575 παντός,
1014 3478 1179 3577 ἦγεν
1218 3486 1435 3578 αὐτὴν
1457 3487 1989 3584 αὖτοκρατορίδα
2003 3545 2023 3581 ,
2065 3501 2302 3583 Βηθα
