2500 3882
787 136 1599 224 ENNEAKAIAEKATH
2079 138 2195 201 193
2293 93 2297 97 ¹

200 310 280 382 δὲ
304 309 590 399 αἰσχύνῃ
618 310 852 400 φέρων
876 306 961 380 τὰ
989 306 1220 400 ὀνείδη
1249 308 1331 382 τὰ
1368 316 1463 393 εἰς
1486 309 1613 401 τὴν
1639 307 2015 398 ἆνανδρίαν
2056 307 2196 382 ὑπὸ

197 419 321 483 τοῦ
335 419 550 483 Γαΐου
563 409 1082 502 προσφερόμενα
1098 415 1211 483 καὶ
1240 410 1459 496 ὀὲλλως
1482 413 1558 485 τὸ
1584 412 1685 502 ἐφ’
1715 411 1929 507 ἡμέρᾳ
1946 420 2189 486 κινδυ-

197 514 433 585 νεύειν
448 522 650 607 φιλία
665 517 780 585 καὶ
799 522 1152 609 θεραπείᾳ,
1180 515 1305 605 τὴν
1316 524 1530 587 Γαΐου
1544 517 1864 607 τελευτὴν
1882 514 2009 587 οῦκ
2028 515 2187 587 ἀνε-

197 618 537 711 λεύθερον
581 614 1097 708 ὑπολαμβάνων.
1169 626 1240 688 οἳ
1283 620 1361 691 δὲ
1397 622 1512 690 καὶ
1569 629 1731 692 πᾶσι
1773 627 1967 711 κοινῇ
2011 647 2182 710 προ-

119 727 482 809 α’τεθῆναι
532 719 655 809 τὴν
710 723 820 791 ε’πὶ
858 728 951 814 τῷ
991 721 1327 811 πράγματι
1367 726 1640 812 σκέψιν,
1687 723 1813 815 τήν
1864 751 1937 794 τε
1975 719 2182 811 ὕβριν

196 827 569 913 θεωμένοις
593 826 708 896 καὶ
746 827 1198 914 ἐπιθυμοῦσιν
1237 823 1454 913 αὐτὴν
1489 823 1598 897 ἐπ’
1634 824 1943 917 ἀλλήλων
1967 824 2182 914 ἀκμά-

197 935 446 1012 ζουσαν
472 933 835 1030 διαφυγεῖν
875 925 1231 1016 ἀραμένοις
1270 929 1388 999 τὸν
1419 931 1657 1000 Γάιον·
1714 939 1872 1013 ἴσως
1897 929 2022 1019 μὲν
2054 927 2181 1018 γὰρ

197 1058 288 1099 αν
313 1026 757 1120 κατορθωσαι,
785 1028 994 1101 καλὸν
1022 1032 1098 1101 δὲ
1121 1038 1538 1124 κατορθοῦσι
1574 1033 1987 1122 τηλικούτων
2015 1028 2183 1120 ἀγα-

196 1140 352 1203 θων
376 1149 598 1222 σχεῖν,
640 1140 709 1202 οἳ
732 1136 847 1204 έπῖ
870 1139 1166 1259 σωτηρία
1207 1140 1323 1224 τῆς
1363 1162 1435 1206 τε
1464 1135 1717 1220 πόλεως
1744 1138 1997 1224 καὶτῆς
2021 1130 2185 1224 ἡγε-
2305 1135 2312 1140 ’

95 1264 159 1305 ιο
196 1239 434 1326 μονίας
458 1243 755 1310 ποθοῦσι
785 1239 899 1307 καὶ
929 1234 1096 1325 μετὰ
1133 1232 1428 1330 ὀλέθρου
1460 1233 1791 1310 ἅπτεσθαι
1816 1243 1937 1308 τοῦ
1964 1235 2182 1326 πράγ-

193 1367 420 1429 ματος.
487 1337 671 1428 παρὰ
706 1339 922 1411 πάντα
956 1339 1033 1410 δὲ
1072 1342 1370 1427 Χαιρέαν
1396 1345 1849 1430 ἐπείγεσθαι,
1864 1336 2185 1427 ὀνόματός

193 1450 270 1514 τε
313 1446 644 1534 ἐπιθυμία
681 1450 1008 1532 μείζονος,
1047 1441 1163 1512 καὶ
1194 1439 1411 1527 ἄλλως
1454 1440 1591 1514 ὑπὸ
1629 1449 1751 1514 τοῦ
1789 1440 2184 1568 ἀδεέστερον

194 1547 549 1636 προσιέναι
591 1552 683 1638 τῷ
711 1552 895 1639 Γαΐω
936 1544 1049 1616 διὰ
1077 1543 1200 1634 τὴν
1224 1554 1603 1637 χιλιαρχίαν
1630 1546 1973 1640 ραστεόνης
2000 1540 2183 1638 αὐτῷ
2264 1553 2271 1561 ’

193 1656 489 1721 κτείνειν
516 1614 847 1739 ἐσομένης.

101 1783 157 1825 15
343 1755 419 1823 ἐν
460 1752 678 1847 τούτω
732 1753 809 1823 δὲ
848 1757 1286 1841 ιπποδρομίαι
1326 1742 1534 1842 ἦσαν·
1592 1755 1724 1842 καὶ,
1750 1753 2186 1838 σπουδάζεται
2223 1765 2260 1821 4

197 1884 326 1946 γαρ
358 1852 698 1945 Ῥωμαίοις
733 1851 857 1946 ἥδε
897 1852 939 1946 ἡ
970 1862 1227 1947 θεωρία
1256 1860 1514 1937 δεινῶς.
1600 1863 1871 1927 συνίασι
1907 1857 1985 1927 δὲ
2013 1879 2185 1948 προ-

116 2024 127 2033 .
197 1961 440 2047 θύμως
466 1965 560 2041 είς
585 1957 706 2029 τὸν
735 1960 1182 2053 ἱππόδρομον,
1226 1962 1340 2031 καὶ
1381 1956 1491 2047 ἐφ’
1538 1955 1638 2042 οἷς
1661 1960 1964 2051 χρῄζοιεν
1990 1962 2183 2030 δέον-

200 2090 310 2131 ται
340 2068 499 2135 τῶνΛ
522 2059 1034 2153 αὐτοκρατόρων
1075 2060 1244 2133 κατὰ
1283 2069 1543 2151 πλῆθος
1581 2062 2060 2144 συνελθόντες·
2117 2068 2188 2130 οἳ

202 2164 279 2234 δὲ
307 2161 817 2247 ἀναντιλέκτους
854 2163 970 2248 τὰς
1006 2166 1268 2254 δεήσεις
1296 2171 1642 2254 κρίνοντες
1680 2160 1991 2253 οὐδαμῶς
2018 2161 2183 2251 ἀχα-

102 2294 167 2335 20
203 2275 571 2358 ριστοῦσιν.
635 2270 949 2339 ἐκέλευον
976 2268 1054 2339 δὲ
1081 2271 1195 2338 καὶ
1223 2267 1345 2339 τὸν
1371 2267 1597 2356 Γάιον,
1626 2267 1905 2361 ἐκθύμω
1931 2274 2012 2358 τῇ
2040 2271 2180 2337 ἰκε-

198 2378 347 2441 τεία
384 2399 747 2461 χρωμενοι,
792 2399 932 2442 των
967 2378 1182 2443 τελων
1223 2372 1566 2442 ἐπανιέναι
1593 2372 1704 2441 καὶ
1737 2375 1896 2455 [των
1923 2369 2177 2461 φόρων]

201 2478 658 2565 ἐπικουφίζειν
684 2504 745 2545 τι
772 2480 897 2545 τοῦ
926 2478 1302 2563 ἐπαχθοῦς.
1358 2471 1398 2544 ὃ
1433 2474 1509 2545 δὲ
1535 2471 1661 2544 οὐκ
1688 2458 2024 2563 ἠνείχετο,
2066 2473 2180 2542 καὶ

202 2579 409 2647 πλέον
433 2606 499 2648 τι
522 2585 605 2669 τῇ
629 2583 758 2668 βοῇ
787 2579 1152 2667 χρωμένων
1181 2573 1426 2659 αλλους
1468 2574 1636 2667 αλλῃ
1663 2580 2038 2665 διαπέμψας
2064 2602 2180 2645 κε·-

201 2678 388 2749 λεύει
430 2677 586 2763 τοῦς
623 2687 921 2770 βοωντας
957 2688 1191 2770 λαβεῖν
1233 2708 1306 2750 τε
1349 2682 1461 2749 καὶ
1487 2680 1698 2769 μηδὲν
1728 2685 1822 2762 είς
1847 2676 2181 2767 ἀναβολὰς

99 2809 167 2853 25
202 2780 473 2855 ἀνελεῖν
500 2784 1018 2873 προαγαγόντας.
1099 2785 1215 2853 καὶ
1253 2780 1295 2853 ὃ
1324 2782 1449 2872 μὲν
1486 2785 1751 2853 ἐκέλευε
1788 2788 2040 2868 ταῦτα,
2065 2781 2181 2851 καὶ

196 2881 298 2969 οἷς
351 2888 831 2977 προσετέτακτο
871 2893 1236 2977 ἔπρασσον,
1290 2892 1594 2957 πλεῖστοί
1638 2912 1710 2955 τε
1754 2875 1926 2974 ἦσαν
1964 2888 2036 2955 οἰ
2068 2884 2177 2954 ἐπὶ

198 2989 523 3074 τοιούτοις
552 2988 1031 3072 ἀποθανόντες.
1093 2991 1207 3059 καὶ
1233 2986 1272 3059 ὁ
1301 2994 1507 3079 δῆμος
1534 2987 1711 3080 ἑώρα
1742 2989 1887 3078 μέν,
1913 2982 2176 3078 ἠνείχε-

111 3169 122 3185 ,
200 3121 274 3162 το
313 3094 389 3165 δὲ
427 3093 856 3182 παυσάμενος
891 3100 1005 3183 τῆς
1043 3099 1205 3182 βοῆς
1222 3144 1242 3180 ,
1280 3096 1355 3163 ἐν
1393 3089 1600 3187 ὀλίγω
1638 3091 1764 3182 τὴν
1803 3094 2002 3163 ἕνεκα
2041 3095 2179 3159 τῶν

203 3196 551 3285 χρημάτων
578 3194 963 3287 ὀφθαλμοῖς
990 3193 1282 3287 ὁρωντες
1307 3197 1444 3281 [ἐπὶ
1471 3195 1820 3279 τοιούτοις]
1851 3199 2179 3281 παραίτη-

113 3324 175 3367 ao
204 3319 314 3371 σιν
342 3305 434 3381 εἰς
459 3301 762 3371 θανατον
788 3296 1016 3382 αὐτοῖς
1044 3300 1407 3389 φέρουσαν.
1469 3306 1679 3369 ταῦτα
1702 3298 2000 3388 Χαιρέαν
2025 3296 2183 3421 ἐνή·

203 3429 368 3492 γαγε
407 3400 723 3491 μειζόνως
772 3399 1111 3474 ἅπτεσθαί
1140 3428 1212 3471 τε
1254 3408 1371 3491 τῆς
1407 3404 1769 3490 ἐπιβουλῆς
1799 3400 1916 3470 καὶ
1939 3397 2186 3468 παύειν

203 3503 373 3579 κατὰ
397 3532 536 3576 των
563 3501 950 3597 ἀνθρώπων
977 3504 1420 3597 ἐξηγριωκότα
1445 3502 1563 3575 τὸν
1590 3502 1819 3574 Γάιον.
1880 3503 1993 3574 καὶ
2022 3507 2187 3573 πολ-

319 3642 583 3688 ῙοεΕΡΗ.
630 3643 717 3685 1v.
1777 3648 1780 3651 1
1812 3617 1886 3679 13
