2500 3882
260 214 342 274 22
939 214 1647 276 ΑΡΧΑΙΟΛΟΓΙΛΣ
1612 186 1619 191 ’

262 375 559 471 ἅπαντας
601 379 935 459 ἐξεδέξατο
974 387 1391 460 καταγωγαῖς
1428 375 1540 441 καὶ
1573 374 1918 473 τραπέζαις
1959 374 2071 438 καὶ
2119 373 2273 454 διη-

260 467 525 545 νεκέσιν
578 476 912 565 ἑορταῖς,
907 481 1054 561 τῆς
1108 475 1548 560 πανηγύρεως
1603 474 1678 567 ἐν
1710 473 1854 559 μὲν
1911 484 2052 551 ταῖς
2106 466 2276 556 ἡμέ-

129 632 172 659 ,,
263 602 413 661 ραις
449 575 729 661 ἐχούσης
770 573 887 655 τάς
930 569 1062 641 ἀπὸ
1108 578 1246 639 τῶν
1288 570 1650 658 θεαμάτων
1687 575 2146 657 ψυχαγωγίας,
2197 569 2276 635 ἐν

262 673 338 740 δὲ
367 687 512 754 ταῖς
542 671 703 754 νυξὶ
743 670 859 753 τὰς
896 668 1329 758 εὐφροσύνας
1370 671 1481 747 καὶ
1512 669 1636 756 τὴν
1655 706 1659 711 ·
1662 675 1770 749 ε,ἰς
1811 674 2010 736 τοῦτο
2053 671 2276 734 πολυ-

265 773 566 858 τέλειαν,
606 768 695 859 ὡς
737 773 1062 855 ἐπίσημον
1105 768 1423 854 γενέσθαι
1451 767 1575 854 τὴν
1603 772 2102 856 μεγαλοψυχίαν
2142 759 2276 831 αὖ·
2307 786 2334 826 5

262 876 407 937 τοῦ.
482 874 575 948 είς
615 866 832 936 πάντα
879 865 1006 953 γάρ
1062 864 1234 951 ἅπερ
1291 862 1377 934 αν
1447 865 1977 952 ἐπιτηδεύσειεν,
2036 864 2276 948 ἐφιλο-

263 973 469 1035 νείκει
498 964 626 1053 τὴν
648 993 784 1035 των
820 965 950 1054 ἤδη
992 970 1461 1053 γεγενημένων
1497 968 1816 1044 ἐπίδειξιν
1846 959 2277 1049 ὑπερβάλλε-

261 1077 444 1134 σθαι.
532 1070 648 1133 καί
693 1086 904 1152 φασιν
969 1063 1181 1133 αὐτόν
1238 1090 1310 1132 τε
1375 1069 1679 1148 Καίσαρα
1743 1062 1855 1130 καὶ
1899 1059 2280 1147 Ἀγρίππαν

147 1192 152 1207 ’
260 1164 581 1250 πολλάκις
624 1169 834 1233 εἰπεῖν
879 1160 970 1244 ὥς
1018 1160 1295 1231 ἀποδέοι
1332 1160 1413 1231 τὰ
1454 1168 1571 1253 τῆς
1614 1159 1816 1248 ἀρχῆς
1841 1157 2110 1246 Ἡρώδῃ
2153 1163 2279 1242 τῆς

262 1259 471 1348 ούσης
520 1265 626 1330 ἐν
617 1261 836 1355 αὐτῷ
886 1266 1410 1350 μεγαλοψυχίας·
1483 1258 1672 1341 ἄξιον
1725 1257 1855 1346 γὰρ
1924 1253 2095 1324 εἶναι
2159 1258 2276 1324 καὶ
2315 1279 2358 1319 ιο

263 1366 522 1449 Συρίας
570 1359 827 1449 ἀπάσης
856 1362 967 1430 καὶ
1007 1362 1364 1448 Αἰγύπτου
1404 1359 1528 1447 τὴν
1557 1364 1900 1453 βασιλείαν
1943 1362 2140 1443 ἔχειν.

195 1474 230 1525 2
283 1530 290 1553 Ι
429 1458 593 1544 μετὰ
646 1458 721 1528 δὲ
786 1457 911 1545 τὴν
954 1458 1341 1545 πανήγυριν
1381 1458 1636 1543 ταύτην
1690 1459 1801 1525 καὶ
1862 1452 1980 1533 τάς
2037 1452 2280 1540 ἑορτὰς

262 1555 463 1624 πόλιν
487 1554 710 1642 ἀλλην
744 1554 1102 1642 ἀνήγειρεν
1131 1560 1206 1625 ἐν
1241 1583 1335 1648 τω
1374 1561 1579 1646 πεδίω
1613 1562 1706 1646 τῷ
1742 1554 2079 1655 λεγομένω
2124 1559 2279 1621 Κα-

263 1658 612 1742 φαρσαβα,
674 1652 886 1720 τόπον
932 1658 1230 1739 ἔνυδρον
1278 1659 1391 1721 καὶ
1429 1655 1658 1741 χώραν
1709 1652 1986 1740 ἀρίστην
2030 1665 2278 1739 φυτοῖς

262 1753 558 1838 ἐκλέξας,
613 1755 924 1837 ποταμοῦ
977 1776 1050 1818 τε
1093 1756 1570 1839 περιρρέοντος
1612 1751 1736 1838 τὴν
1783 1753 1982 1820 πόλιν
2028 1748 2270 1838 αὐτήν,
2308 1778 2352 1819 ιι

262 1853 374 1918 καὶ
419 1855 777 1918 καλλίστου
831 1847 998 1917 κατά
1042 1850 1328 1936 μέγεθος
1365 1875 1508 1934 των
1551 1875 1806 1941 φυτωνι
1835 1850 2276 1940 περιειληφό-

261 1944 672 2028 τοςᾶλσους.
739 1947 993 2035 ταύτην
1013 1945 1141 2015 ἀπὸ
1161 1945 1603 2034 Ἀντιπάτρου
1622 1955 1745 2016 τοῦ
1777 1946 2027 2036 πατρὸς
2054 1947 2275 2018 Ἀντι-
2310 2007 2315 2012 ,

261 2050 548 2134 πατρίδα
596 2048 1167 2136 προσηγόρευσεν.
1259 2047 1619 2135 ἐπώνυμον
1664 2050 1738 2116 δὲ
1786 2050 1897 2116 καὶ
1946 2054 2028 2138 τῇ
2071 2053 2276 2137 μητρὶ

258 2151 508 2231 χωρίον
572 2142 743 2234 ὑπὲρ
800 2146 1203 2233 Ἱεριχοῦντα
1262 2145 1737 2233 οἰκοδομήσας,
1802 2142 2135 2237 ἀσφαλείᾳ
2201 2172 2275 2215 τε

258 2242 594 2331 διάφορον
651 2249 767 2314 καὶ
813 2259 1227 2332 καταγωγαῖς
1275 2243 1584 2332 ἥδιστον,
1639 2246 1914 2314 ἐκάλεσε
1951 2245 2264 2332 Κύπρον.
2302 2266 2354 2314 x

258 2341 592 2431 Φασαήλω
617 2368 690 2411 τε
730 2349 824 2433 τῷ
863 2341 1135 2434 ἀδελφῷ
1164 2357 1451 2430 μνημεῖα
1494 2341 1604 2411 διὰ
1647 2342 1771 2430 τὴν
1812 2348 2274 2432 γεγενημένην
2316 2350 2337 2400 ·'

256 2438 425 2527 πρὸς
446 2436 659 2506 αὐτὸν
679 2446 1158 2527 φιλοστοργιαν
1181 2439 1481 2510 ἀνετίθει
1512 2440 1594 2509 τά
1617 2442 1965 2530 κάλλιστα,
1996 2442 2271 2531 πύργον

253 2532 394 2604 ἐπ’·
383 2531 623 2622 -αύτῆς
674 2543 792 2624 τῆς
849 2537 1106 2620 πόλεως
1156 2537 1533 2627 ἀναστήσας
1592 2537 1799 2608 οὐδὲν
1842 2539 2089 2638 ἐλάττω
2139 2548 2272 2611 τοῦ

165 2689 170 2698 ,
254 2632 422 2702 κατά
435 2632 577 2722 τὴν
611 2636 883 2724 Φάρον,
930 2663 1013 2704 ον
1054 2638 1557 2726 προσηγόρευσε
1601 2631 2013 2728 Φασάηλον,
2037 2636 2269 2727 ἀσφα-

253 2745 431 2819 λείας
471 2764 544 2807 τε
577 2745 658 2828 τῇ
700 2739 894 2809 πόλει
931 2734 1186 2827 μέρος’
1159 2737 1325 2809 όντα
1364 2741 1479 2806 καὶ
1519 2736 1779 2826 μνήμης
1820 2765 1913 2829 τω
1954 2747 2267 2808 τετελευ-
2297 2766 2348 2807 π

252 2839 483 2927 τηκότι
503 2836 631 2907 -διά
672 2839 799 2927 τὴν
841 2845 1320 2927 προσηγορίαν.
1389 2837 1757 2927 ομαίνυμον
1811 2839 1886 2907 δὲ
1926 2838 2112 2930 αύτω
2153 2844 2269 2910 καὶ

255 2939 458 3008 πόλιν
481 2940 632 3025 περὶ
652 2937 774 3006 τὸν
789 2934 1068 3006 αύλωνα
1090 2944 1216 3024 τῆς
1226 2935 1661 3024 Ἱεριχοῦντος
1689 2940 1980 3022 ἔκτισεν,
2001 2933 2270 3006 ἀπιόν-

254 3063 391 3105 των
424 3035 591 3104 κατὰ
624 3042 884 3124 βορρᾶν
927 3062 1214 3124 ανεμον,
1262 3032 1353 3104 δι’
1381 3028 1464 3123 ἦς
1496 3036 1610 3103 καὶ
1643 3033 1770 3122 τὴν
1801 3038 1988 3122 πέριξ
2032 3035 2268 3124 χώραν

254 3136 504 3220 ἔρημον
540 3125 756 3201 οὖσαν
779 3135 1218 3222 ἐνεργοτέραν
1239 3135 1509 3221 ἐποίησε
1537 3148 1679 3215 ταῖς
1702 3137 2102 3221 ἐπιμελείαις
2124 3143 2275 3204 τῶν

252 3230 639 3318 οἰκητόρων
716 3237 1105 3318 Φασαηλίδα
1147 3233 1259 3301 καὶ
1300 3233 1552 3320 ταύτην
1582 3233 1822 3302 ἐκάλει.
1906 3311 1909 3314 ,
2053 3257 2066 3276 ⁸
2298 3247 2353 3288 ³⁰

188 3335 224 3388 3
420 3324 535 3404 τὰς
571 3329 645 3397 δὲ
682 3327 887 3411 αλλας
923 3328 1306 3419 εὐεργεσίας
1339 3354 1597 3418 απορον
1631 3336 1842 3400 εἰπεῖν
1886 3327 2048 3415 ὅσας
2091 3332 2267 3403 ἀπέ-

255 3421 429 3484 omas
459 3432 599 3499 ταῖς
640 3425 918 3495 πόλεσιν
960 3431 1037 3495 ἔν
1083 3454 1155 3497 τε
1197 3435 1423 3518 Συρία
1467 3430 1577 3498 καὶ
1609 3428 1778 3499 κατά
1817 3428 1942 3518 τὴν
1973 3427 2265 3500 Ἑλλάδα
