2500 3882
179 115 314 178 1134
394 68 403 79 ί
850 88 1499 183 ΑΡΧΑΙΟΛΟΠΑΣ

197 289 468 382 ὤμοσαν
487 286 576 379 μὴ
606 286 1038 377 στρατεύσειν
1067 289 1176 357 ἐπὶ
1205 284 1331 376 τὴν
1358 283 1683 377 ἀλλήλων.
1773 264 1886 358 καὶ
1924 289 2085 371 τούς
2116 317 2193 360 τε

197 394 654 483 αἰχμαλώτους
680 387 978 471 ἀποδοὺς
1005 392 1116 460 καὶ
1133 389 1294 471 τούς
1309 395 1528 471 ἰδίους
1545 391 1983 482 κομισάμενος
2017 390 2195 463 ὑπέ-

198 513 484 588 στρεψεν
527 502 621 576 εἰς
657 491 1063 583 Ἀντιόχειαν
1104 491 1273 581 πρὸς
1320 490 1440 563 τὸν
1480 497 1791 584 βασιλέα,
1854 498 1967 566 καὶ
2020 494 2192 586 μετὰ

196 599 449 690 ταύτην
490 597 613 688 τὴν
656 595 1082 685 ἀναχώρησιν
1121 593 1348 668 οὐκέτι
1390 602 1485 678 εἰς
1522 596 1645 686 τὴν
1675 594 2008 669 Ἰουδαίαν
2036 601 2191 669 ἐνέ-

194 713 421 794 βαλεν.
492 699 528 773 ὁ
569 701 644 772 δὲ
680 697 1000 787 Ἰωνάθης
1038 698 1285 788 ταύτης
1344 706 1461 788 τῆς
1510 697 1740 783 ἀδείας
1793 702 2188 791 λαβόμενος,
2230 731 2262 772 5
2299 718 2310 725 “

194 809 310 878 καὶ
355 805 756 894 ποιούμενος
794 806 869 872 ἐν
909 809 1167 894 Μαχμᾷ
1206 802 1399 872 πόλει
1441 800 1564 893 τὴν
1587 809 1892 894 δίαιταν,
1934 802 2196 890 αὐτόθι

197 905 334 992 τοῖς
360 907 581 997 ὄχλοις
609 913 825 977 διεῖπε
855 904 935 975 τὰ
964 905 1338 995 πράγματα,
1372 904 1669 988 καὶτοὺς
1704 906 2044 997 πονηρους
2071 910 2195 977 καὶ

198 1010 461 1102 ἀσεβεῖς
487 1010 786 1095 κολάζων
814 1008 1151 1097 ἐκάθηρεν
1179 1004 1394 1091 οὕτως
1420 1005 1549 1078 απὸ
1579 1010 1837 1081 τούτων
1863 1009 1937 1081 τό
1961 1017 2190 1091 ἔθνος.

128 1132 170 1194 2
334 1121 465 1185 ἔτει
495 1110 558 1184 δ’
593 1116 918 1207 ἑξηκοστῷ
937 1112 1105 1182 καὶ
1070 1119 1403 1205 εκατοστῷ
1423 1109 1889 1204 Ἀλέξανδρον
1885 1111 2005 1184 τὸν
2030 1109 2194 1183 Ἀν-

92 1258 95 1265 »
195 1220 422 1308 τιόχου
463 1220 836 1308 ἐπιφανοῦς
883 1213 1038 1287 υἱὸν
1080 1211 1423 1303 ἀναβάντα
1475 1221 1568 1296 εἰς
1605 1222 1878 1306 Συρίαν
1930 1210 2192 1307 συνέβη
2233 1254 2302 1295 10

194 1324 693 1409 καταλαβέσθαι
732 1323 1158 1407 Πτολεμαΐδα
1201 1320 1276 1387 ἐκ
1317 1323 1679 1409 προδοσίας
1714 1322 1851 1391 τών
1897 1325 2195 1390 ἔνδοθεν

196 1430 655 1515 στρατιωτῶν·
715 1419 1027 1509 ἀπεχθῶς
1066 1450 1194 1510 γαρ
1237 1419 1420 1509 εἶχον
1456 1419 1625 1510 πρὸς
1650 1420 1771 1492 τὸν
1795 1422 2196 1512 Δημήτριον

195 1527 310 1599 διὰ
361 1525 485 1615 τὴν
545 1523 1022 1650 ὑπερηφανίαν
1088 1519 1304 1593 αὐτοῦ
1364 1526 1476 1593 καὶ
1542 1523 1616 1594 τὸ
1673 1526 2192 1596 δυσέντευκτον.

199 1629 599 1723 αποκλείσας
641 1627 772 1716 γὰρ
819 1623 1030 1696 αὑτὸν
1071 1632 1167 1707 εἰς
1205 1627 1714 1716 τετραπύργιόν
1723 1655 1786 1698 τι
1815 1636 2193 1718 βασίλειον,

198 1764 234 1803 ο
273 1730 765 1802 κατεσκεύασεν
820 1726 1024 1809 αὐτὸς
1077 1724 1204 1798 οὐκ
1254 1725 1535 1799 απωθεν
1589 1736 1704 1820 τῆς
1761 1727 2190 1821 Ἀντιοχείας,
2236 1770 2302 1812 15

197 1831 447 1906 ούδένα
477 1838 825 1923 προσίετο,
870 1829 1039 1901 ἀλλὰ
1067 1832 1176 1900 καὶ
1208 1830 1471 1920 περὶτὰ
1496 1834 1850 1924 πράγματα
1880 1835 2196 1927 ῥᾴθυμος

195 1929 281 2029 ἦν
307 1938 418 2008 καὶ
446 1934 804 2028 ὀλίγωρος·
867 1931 1036 2006 ὅθεν
1072 1930 1256 2027 αὐτῷ
1296 1937 1410 2005 καὶ
1453 1943 1708 2026 μᾶλλον
1734 1935 1809 2007 τὸ
1842 1936 2021 2029 παρὰ
2046 1945 2195 2010 τῶν

172 2040 754 2132 Ῐὺποτεταγμένων
796 2055 987 2127 μῖσος
1028 2004 1325 2127 ἐξήφθη,
1367 2036 1597 2121 καθώς
1636 2036 1766 2130 ηδη
1810 2044 1924 2111 καὶ
1950 2046 2025 2112 ἐν
2059 2038 2193 2111 αλ-

193 2155 334 2226 λοις
366 2143 860 2234 δεδηλώκαμεν.
940 2139 1309 2231 γενόμενον
1348 2132 1476 2212 οὖν
1516 2146 1589 2214 ἐν
1615 2150 2026 2235 Πτολεμαΐδι
2062 2143 2193 2215 τὸν

184 2246 622 2338 Ἀλέξανδρον
649 2243 938 2326 ἀκούσας
972 2273 1009 2314 ο
1034 2245 1419 2370 Δημήτριος
1445 2273 1610 2334 ηγεν
1627 2243 1901 2317 ἅπασαν
1928 2244 2190 2319 ἀναλα-
2234 2284 2307 2326 20

192 2349 337 2441 βων
363 2350 487 2438 τὴν
518 2350 809 2436 δύναμιν
837 2343 942 2418 ἐπ’
975 2344 1204 2417 αὐτόν.
1275 2353 1527 2437 ἔπεμψε
1571 2350 1647 2419 δὲ
1692 2352 1805 2420 καὶ
1842 2349 2009 2440 πρὸς
2039 2348 2191 2430 Ἰω-

194 2452 421 2540 νάθην
448 2454 761 2543 πρέσβεις
802 2451 956 2541 περὶ
992 2456 1367 2538 συμμαχίας
1405 2453 1521 2520 καὶ
1560 2449 1859 2534 εὐνοίας·
1916 2453 2191 2542 φθάσαι

195 2553 325 2647 γὰρ
377 2552 498 2625 τὸν
534 2550 973 2643 Ἀλέξανδρον
999 2553 1243 2640 διέγνω
1265 2605 1285 2641 ,
1324 2551 1416 2641 μὴ
1454 2558 1966 2644 προδιαλεχθεὶς
2005 2559 2192 2627 ἐκεῖ·

193 2685 310 2740 νος
327 2655 511 2751 αὐτῷ
529 2662 653 2746 σχῇ
671 2653 794 2745 τὴν
813 2651 973 2743 παρ’
1007 2651 1220 2726 αὐτοῦ
1248 2656 1598 2744 βοήθειαν.
1643 2666 1839 2729 τοῦτο
1871 2656 1937 2730 δ’
1969 2662 2194 2731 ἐποίει

195 2763 527 2853 φοβηθεὶς
552 2759 641 2851 μὴ
660 2757 1157 2850 μνησικακήσας
1185 2755 1558 2848 ὁἸωνάθης
1586 2757 1768 2854 αὐτῷ
1796 2770 1911 2851 τῆς
1931 2768 2189 2851 ἔχθρας
2234 2802 2304 2844 25

192 2871 661 2955 συνεπιθῆται.
732 2863 1136 2953 προσέταξεν
1175 2855 1304 2932 οὖν
1342 2860 1527 2955 αὐτῷ
1552 2873 2028 2952 συναθροίζειν
2055 2866 2198 2935 δύ-

191 2996 398 3058 ναμιν
427 2970 541 3038 καὶ
567 2964 1083 3049 κατασκευάζειν
1114 2962 1319 3052 οπλα,
1362 2968 1474 3036 καὶ
1512 2962 1672 3049 τούς
1694 2964 2020 3057 ὁμήρους,
2063 2996 2197 3051 ους

193 3097 329 3140 των
355 3068 700 3142 Ἰουδαίων
728 3072 1061 3141 ἐνέκλεισε
1101 3073 1436 3157 Βακχίδης
1475 3071 1551 3139 ἐν
1579 3077 1659 3161 τῇ
1692 3099 1868 3164 ακρα
1902 3099 2039 3141 των
2061 3067 2194 3142 Ἱε-

196 3173 609 3260 ροσολύμων,
640 3170 1026 3260 ἀπολαβεῖν.
1101 3171 1428 3242 τοιούτων
1468 3162 1596 3242 οὖν
1625 3169 1809 3268 αὐτῷ
1838 3201 1973 3245 των
2000 3173 2196 3266 παρὰ

190 3280 588 3395 Δημητρίου
626 3273 1181 3364 προσπεσόντων,
1223 3271 1260 3343 ὃ
1292 3269 1610 3365 Ἰωνάθης
1637 3277 2191 3367 παραγενόμενος
2233 3309 2300 3353 ao

195 3381 290 3456 εἰς
319 3400 398 3442 τα
419 3369 836 3467 Ιεροσόλυμα
865 3375 990 3466 τὴν
1010 3376 1365 3467 ἐπιστολὴν
1387 3375 1652 3468 ἀνέγνω
1680 3388 1803 3450 τοῦ
1830 3382 2189 3470 βασιλέως,

192 3474 586 3547 ἀκουόντων
632 3487 750 3547 τοῦ
802 3506 874 3549 τε
925 3485 1095 3550 λαοῦ
1150 3483 1264 3552 καὶ
1316 3489 1455 3552 τῶν
1505 3479 1998 3574 φρουρούντων
2052 3482 2194 3573 τὴν
