2500 3882
782 233 791 245 ‘
825 224 1654 292 ,ΕΝΝΕΑΚΑΙΔΕΚΑΤΗ
2112 223 2233 284 213

247 388 504 481 στροφὴ
536 388 957 479 γε’νοιτοκῦπὸ
1000 400 1115 488 τῆς
1142 402 1426 483 βουλῆς,
1468 405 1653 484 εἴπερ
1696 402 1789 477 εἰς
1813 398 2083 485 ἐκείνην
2110 424 2232 466 πει

247 502 508 584 ρισταίη
562 491 637 564 τὸ
692 494 967 585 κράτος,
1025 491 1070 585 ἦ
1125 493 1258 567 ὑπὸ
1322 503 1443 568 τοῦ
1503 498 2068 596 ἐπικαταστάντος
2107 495 2230 589 ἀρ-

244 623 499 686 χοντος.

401 693 511 770 καὶ
545 705 616 769 οἱ
628 702 753 789 μὲν
779 708 1148 791 Γερμανοί,
1195 709 1260 773 εί
1285 704 1398 772 καὶ
1424 699 1647 791 μόλις,
1677 700 1829 772 ἀλλ’
1863 694 1989 774 οὖν
2020 704 2229 774 έπαύ-
2253 723 2270 756 ¹

195 833 219 871 5
253 825 455 872 σαντο
486 802 734 892 λύσσης
761 812 876 892 τῆς
917 807 1028 874 ἐπὶ
1052 812 1266 876 Γαΐου
1293 813 1384 898 τῷ
1420 804 1697 897 θανάτςο
1724 815 2231 897 καταλαμβανο-

251 909 453 995 μένης
478 902 771 1004 αὐτούς’,
815 909 1103 995 Χαιρέας
1144 910 1223 977 δέ
1256 908 1548 997 (σφόδρα
1588 906 1716 998 γὰρ
1761 912 1917 998 περὶ
1957 919 2232 980 Μινου-
2269 929 2331 985 19

251 1015 462 1100 κιανςό
519 1014 733 1080 ἔδεισε
787 1008 880 1098 μὴ
937 1014 1351 1100 διαφθαρείη
1415 1018 1622 1103 μανίᾳ
1665 1003 1810 1081 τῶν
1864 1019 2232 1102 Γερμανῶν

253 1111 658 1201 περιπεσών)
683 1110 967 1182 ἕκαστόν
991 1141 1063 1198 τε
1083 1120 1218 1184 τῶν
1243 1121 1668 1202 στρατιωτῶν
1693 1114 1940 1206 μετῄει,
1970 1142 2232 1205 προμη-

249 1225 530 1285 θεῖσθαι
570 1222 684 1303 τῆς
713 1222 1040 1306 σωτηρίας
1067 1213 1279 1287 αὐτοῦ
1315 1216 1663 1306 δεόμενος,
1703 1220 1818 1287 καὶ
1842 1216 1933 1308 μὴ
1963 1215 2231 1288 ἀπολῶ-

58 1353 61 1356 “
170 1340 216 1378 ¹⁰
252 1327 357 1387 λοι
383 1316 640 1406 πολλὴν
667 1321 959 1401 ἐξέτασιν
987 1316 1405 1409 ποιούμενος.
1470 1322 1583 1390 καὶ
1610 1318 2081 1390 Μινουκιανὸν
2107 1322 2232 1410 μὲν

249 1423 364 1490 καὶ
394 1420 669 1509 Κλήμης
705 1419 1047 1512 (ἀνάγεται
1085 1420 1214 1512 γὰρ
1259 1423 1367 1492 ἐπὶ
1406 1430 1672 1510 τοῦτον)
1712 1429 2025 1512 μεθίησι,
2067 1432 2232 1493 πολ·
2291 1509 2298 1518 ί

251 1521 392 1594 λῶν
419 1519 566 1611 μετ’
612 1520 834 1594 ἄλλων
876 1533 1343 1613 συγκλητικῶν
1383 1521 1821 1615 δικαιοσύνην
1872 1533 1952 1617 τῇ
1997 1526 2230 1616 πράξει

251 1619 754 1717 συμμαρτυρῶν
814 1629 928 1696 καὶ
993 1624 1240 1717 ἀρετὴν
1304 1644 1441 1709 τοῖς
1506 1631 2067 1718 ἐντεθυμημένοις
2116 1632 2231 1699 καὶ

250 1730 575 1820 πράσσειν
599 1729 689 1819 μὴ
719 1725 1329 1801 ἀποδεδειλιακόσι·
1383 1738 1754 1820 τυραννίδα
1793 1730 1921 1821 γὰρ
1965 1738 2059 1814 εἰς
2085 1728 2231 1802 ὀλί-

167 1858 217 1898 15
251 1861 375 1922 γον
402 1832 528 1922 μὲν
562 1831 805 1903 ἀνθεῖν
830 1830 1044 1923 ἡδονῇ
1085 1841 1206 1903 τοῦ
1235 1830 1537 1924 ὑβρίζειν
1564 1838 1996 1926 ἐπαρθεῖσαν,
2029 1831 2233 1905 εὐτυ-

251 1952 385 2025 χεῖς
428 1935 502 2006 δὲ
546 1934 673 2006 οὐκ
700 1932 859 2035 ’ἀρα
891 1937 1234 2007 ποιεῖσθαι
1288 1936 1404 2019 τὰς
1444 1933 1827 2027 ἀπαλλαγὰς
1878 1946 1998 2008 τοῦ
2051 1931 2231 2027 βίον,

253 2046 434 2128 μίσει
461 2045 575 2127 τῆς
602 2036 838 2128 ἀρετῆς
863 2039 1028 2130 πρὸς
1054 2036 1270 2129 αὐτὴν
1294 2044 1668 2129 χρωμένης,
1710 2038 1882 2135 ἀλλά
1902 2039 2065 2129 μετὰ
2091 2068 2234 2110 τοι-

256 2140 463 2230 αύτης
505 2147 864 2230 δυστυχίας
899 2138 1100 2235 ὁποίᾳ
1139 2141 1224 2231 δὴ
1267 2139 1479 2213 Γάιον
1504 2150 1902 2229 συνελθεῖν,
1939 2140 2068 2232 πρὸ
2097 2149 2234 2212 τῶν

255 2243 772 2315 ἐπαναστάντων
823 2248 935 2314 καὶ
1006 2247 1404 2316 συνθέντων
1470 2243 1594 2334 τὴν
1652 2248 1961 2315 ἐπίθεσιν
2023 2241 2233 2316 αὐτὸν

160 2371 220 2412 20
255 2352 621 2436 ἐπίβουλον
648 2345 831 2439 αὐτῷ
860 2345 1259 2438 γενόμενον,
1297 2349 1411 2418 καὶ
1438 2346 1795 2432 διδάξαντα
1823 2343 1921 2430 οἶς
1942 2344 2233 2439 ὑβρίζων

253 2448 590 2540 ἀφόρητος
617 2442 734 2539 ἦν,
775 2447 1121 2539 ἀφανίζων
1150 2457 1272 2521 τοῦ
1309 2452 1522 2540 νόμου
1549 2451 1672 2541 τὴν
1699 2451 2061 2539 πρόνοιαν,
2107 2479 2232 2521 πο-

254 2557 432 2646 λέμῳ
485 2553 651 2642 πρὸς
706 2550 917 2626 αὐτὸν
953 2560 1246 2644 χρῆσθαι
1286 2554 1440 2637 τοὺς
1479 2555 1870 2643 φιλτάτους,
1937 2557 2049 2624 καὶ
2101 2560 2233 2624 νῦν

255 2656 432 2781 λόγῳ
472 2657 594 2744 μὲν
635 2655 807 2727 εἶναι
843 2657 1125 2739 τούτους
1151 2664 1219 2728 οἳ
1256 2653 1627 2748 ἀνῃρήκασι
1651 2656 1896 2744 Γάιον,
1942 2654 2234 2748 ἔργῳδὲ
2349 2716 2356 2721 .

255 2756 467 2828 αυτὸν
494 2754 617 2848 ὑφ’
652 2762 896 2830 ἑαυτοῦ
925 2771 1194 2830 κεῖσθαι
1225 2760 1614 2831 διολωλότα.

160 2893 217 2933 25
411 2856 540 2950 ἤδη
580 2861 656 2931 δὲ
696 2865 809 2932 καὶ
849 2861 922 2932 τὸ
962 2865 1256 2951 θέατρον
1283 2866 1661 2947 ἐξανίστατο
1704 2868 1840 2932 τῶν
1884 2867 2232 2950 φυλακῶν,
2265 2885 2334 2939 20

250 2967 362 3035 καὶ
389 2966 672 3053 ταραχαὶ
706 2964 886 3034 πάνυ
927 2969 1162 3057 πικραὶ
1200 2968 1508 3055 ἐγένοντο
1532 2971 1679 3035 τῶν
1699 2974 1875 3035 εἴσω.
1954 2970 2130 3034 αἰτία
2158 2969 2199 3033 δ
2209 2959 2225 2991 '

247 3059 335 3155 ἦν
362 3074 485 3138 τοῦ
513 3066 886 3158 προθύμως
905 3070 1438 3158 διαφευξομένου
1464 3075 1603 3139 τῶν
1627 3073 1915 3158 θεωρῶν
1931 3063 2235 3136 Ἀλκύων
2313 3138 2318 3144 ,

251 3167 286 3240 ὁ
330 3171 584 3260 ἰατρός,
629 3174 1135 3262 συναρπασθεὶς
1178 3168 1269 3259 ῶς
1295 3174 1404 3242 ἐπὶ
1435 3178 1768 3263 θεραπείᾳ
1793 3176 1999 3271 τινῶν
2024 3197 2233 3258 τραυ-

252 3282 527 3363 ματιῶν,
558 3276 898 3364 ἐκπέμψας
927 3273 1003 3344 δὲ
1031 3272 1190 3356 τούς
1215 3274 1581 3362 συνόντας,
1622 3274 1801 3366 λόγῳ
1840 3271 1963 3361 μὲν
2005 3268 2094 3352 ῶς
2120 3275 2233 3344 καὶ

159 3403 217 3444 3⁰
253 3378 858 3468 μετελευσομένους
897 3373 1110 3448 ὁπόσα
1156 3383 1250 3459 εἰς
1278 3376 1401 3468 τὴν
1430 3388 1614 3449 ἴασιν
1638 3391 1774 3457 τοῖς
1798 3383 2230 3467 τραυματίαις

250 3477 642 3568 πρόσφορα,
684 3479 759 3551 τὸ
800 3481 875 3552 δὲ
914 3476 1164 3569 ἀληθὲς
1206 3476 1297 3561 ῶς
1345 3478 1698 3550 ἀπέσοιντο
1737 3477 2066 3550 κινδύνου
2109 3485 2229 3547 τοῦ

248 3581 748 3672 κατειληφότος.
818 3586 891 3655 ἐν
917 3582 1132 3678 τούτω
1160 3582 1236 3654 δὲ
1268 3590 1517 3672 βουλῆς
1542 3608 1614 3653 τε
1641 3590 1898 3673 γίνεται
1922 3581 2224 3660 σύνοδος,
