2500 3882
760 87 1571 186 ENNEAKAIAEKATH
1735 79 1744 92 ’
2039 119 2154 181 221

180 296 395 379 μαίων
427 293 746 360 λείποντα
771 289 1112 380 τεσσάρων
1151 295 1389 379 μηνῶν
1427 285 1605 360 οὕτω
1639 296 1953 383 τελευτᾷ,
1992 263 2184 381 ἀνὴρ·

106 482 119 489 ·
179 395 287 462 καὶ
317 392 649 482 πρότερον
693 388 737 482 ἢ
778 399 857 482 τῇ
898 389 1068 484 ἀρχῇ
1099 400 1404 481 συνῆλθε
1447 392 1674 475 σκαιός
1720 421 1792 463 τε
1818 396 1930 464 καὶ
1958 422 2164 464 κακο-

183 504 470 586 πραγίας
513 501 608 576 εἰς
655 493 732 565 τὸ
776 490 987 585 ἄκρον
1026 492 1433 585 ἀφιγμένος,
1491 493 1706 588 ἡδονῇ
1757 524 1829 567 τε
1857 494 2163 587 ἡσσώμε-

180 628 292 680 νος
319 601 433 668 καὶ
462 606 657 688 φίλος
683 605 983 690 διαβολῇ,
1013 600 1127 668 καὶ
1153 597 1236 668 τὰ
1264 600 1389 688 μὲν
1410 598 1667 689 φοβερὰ
1694 609 2163 689 καταπεπληγ-
2255 637 2268 661 τ

123 731 148 770 5
181 704 411 790 μένος,
457 703 570 771 καὶ
612 699 726 771 διὰ
771 708 970 771 τοῦτο
1008 698 1119 791 ἐφ’
1164 697 1264 783 οἷς
1298 702 1660 792 θαρσήσειε
1688 701 2160 791 φονικώτατος,

179 812 295 893 τῆς
323 804 398 873 δὲ
425 808 724 887 ἐξουσίας
753 801 864 893 ἐφ’
898 805 999 874 ἑνὶ
1026 804 1210 898 μόνῳ
1249 805 1707 894 πιμπλάμενος
1743 814 1835 876 τῶ
1863 803 2164 896 υβρίζειν

182 914 275 988 είς
317 903 435 988 οὒς
473 904 709 996 ἥκιστα
738 910 973 997 ἐχρῆν,
1018 905 1295 997 ἀλόγως
1311 916 1771 1001 μεγαλοψυχία
1799 910 2159 999 χρώμενος,

179 1012 292 1079 καὶ
332 1007 651 1099 ποριστὴς
688 1013 765 1079 ἐκ
800 1018 923 1080 τοῦ
950 1016 1240 1081 κτείνειν
1277 1013 1388 1081 καὶ
1416 1027 1861 1101 παρανομεῖν,
1899 1015 2013 1083 καὶ
2039 1021 2160 1083 τοῦ

179 1114 347 1202 μὲν
329 1120 530 1183 θείου
557 1115 670 1183 καὶ
696 1121 983 1203 νομίμου
1011 1121 1254 1203 μείζων
1281 1113 1711 1196 ἐσπουδακως
1750 1114 1931 1186 εἶναί
1952 1144 2022 1185 τε
2048 1119 2162 1185 καὶ
2246 1166 2251 1177 ·

92 1249 146 1291 ιο
181 1223 430 1304 δοκεῖν,
460 1213 839 1306 ἡσσώμενος
865 1215 942 1286 δὲ
968 1220 1267 1287 ἐπαίνων
1285 1223 1401 1305 τῆς
1430 1218 1755 1306 πληθύος.
1804 1220 1919 1288 καὶ
1947 1218 2163 1288 πάντα

180 1342 304 1390 οσα
336 1318 574 1409 αἰσχρά
601 1317 895 1409 κρίνας’
865 1348 900 1388 ο
927 1320 1127 1408 νόμος
1156 1317 1441 1413 ἐπιτιμᾷ,
1469 1321 1824 1416 τιμιώτερα
1853 1321 2163 1418 ἐνόμισεν

181 1420 440 1510 ἀρετῆς.
475 1424 606 1491 καὶ
641 1428 867 1510 φιλίας
900 1419 1221 1512 ἀμνήμων
1256 1414 1378 1514 ἡν,
1411 1430 1489 1493 εἰ
1508 1426 1622 1493 καὶ
1650 1431 1925 1513 πλείστη
1954 1452 2025 1494 τε
2051 1428 2165 1494 και

183 1525 299 1603 διὰ
325 1531 657 1613 μεγίστων
684 1526 964 1613 γένοιτο,
994 1520 1093 1607 οἷς
1119 1528 1280 1597 ποτε
1295 1524 1647 1616 ὀργισθείη
1675 1527 2028 1616 ἐπιπλήξει
2043 1556 2160 1596 κο-

183 1627 437 1711 λάσεως
456 1630 566 1698 καὶ
594 1625 688 1699 ἐπ’
709 1632 1090 1718 ἐλαχίστοις,
1121 1633 1442 1720 πολέμιον
1456 1627 1580 1700 δὲ“
1546 1630 1913 1720 ἡγούμενος
1933 1638 2067 1700 πᾶν
2087 1630 2161 1701 τὸ

77 1758 141 1801 15
181 1730 384 1823 ἀρετῇ
422 1731 946 1822 συνερχόμενον,
993 1729 1469 1803 ἀναντίλεκτον
1511 1736 1620 1804 ἐπὶ
1660 1742 1867 1804 πᾶσιν
1908 1729 2020 1814 οἷς.
2045 1763 2160 1803 κε-

178 1835 440 1904 λεύσειε
481 1834 604 1923 τὴν
648 1838 1020 1924 ἐπιθυμίαν
1071 1836 1433 1924 λαμβάνων
1452 1858 1466 1872 ·
1524 1833 1695 1907 ὅθεν
1733 1840 1845 1907 καὶ
1898 1834 2159 1928 ἀδελφῇ

177 1945 422 2028 γνησίᾳ
440 1945 699 2025 συνῆν,
741 1941 806 2020 ἐξ
851 1928 936 2007 οὗ
973 1940 1085 2006 καὶ
1127 1939 1407 2026 μάλιστα
1434 1935 1615 2032 αὐτῷ
1653 1940 1953 2028 φύεσθαι
1982 1940 2164 2029 παρὰ

177 2055 318 2121 τοῖς
363 2046 662 2119 πολίταις
715 2037 953 2130 ἤρξατο
1008 2041 1470 2129 σφοδρότερον
1511 2039 1587 2109 τὸ
1642 2056 1863 2128 μῖσος,
1921 2040 2033 2110 διὰ
2075 2041 2161 2110 ’τὸ

178 2148 437 2212 πολλοῦ
490 2140 740 2230 χρόνου
798 2140 888 2267 μὴ
931 2144 1366 2230 ἱστορημένον
1409 2151 1503 2221 εἴς
1557 2169 1630 2211 τε
1683 2139 1998 2213 ἀπιστίαν
2050 2146 2165 2213 καὶ

53 2278 141 2321 2⁰
178 2254 436 2334 ἔχθραν
466 2242 590 2334 τὴν
622 2244 788 2334 πρὸς
813 2242 933 2315 τὸν
958 2244 1297 2334 πράξαντα
1336 2254 1769 2334 παρῃακαλεῖν
1859 2253 2062 2335 ἔργον
2088 2249 2165 2315 δὲ

170 2351 345 2439 μέγα
401 2343 444 2438 ἢ
495 2355 839 2438 βασίλειον
875 2336 1083 2418 ουδὲν
1121 2376 1304 2417 αυτω
1347 2351 1819 2454 πεπραγμένον
1869 2348 2105 2419 εἴποι’
2078 2350 2164 2418 άν

170 2482 296 2539 τις,
326 2447 370 2540 ἢ
401 2450 504 2521 ἐπ’
544 2448 838 2546 ωφελεία
864 2476 1000 2521 των
1029 2452 1382 2521 συνόντων
1405 2453 1517 2521 καὶ
1544 2443 1750 2533 αὖθις
1777 2450 2163 2548 ἀνθρώπων

168 2557 551 2643 ἐσομένων,
593 2555 768 2644 πλήν
795 2583 871 2644 γε
910 2582 1033 2624 του
1068 2557 1222 2637 περὶ
1241 2551 1500 2643 Ῥήγιον
1526 2556 1639 2623 καὶ
1666 2563 1990 2625 Σικελίαν
2016 2560 2162 2626 ἐπι-

164 2658 547 2746 νοηθέντος
591 2664 684 2739 εἰς
721 2655 1065 2747 ὑποδοχὴν
1112 2665 1247 2727 τῶν
1294 2654 1411 2727 ἀπ’
1462 2657 1818 2745 Αἰγύπτου
1872 2666 2165 2746 σιτηγῶν

33 2805 111 2857 25
167 2767 460 2835 πλοίων.
500 2767 696 2829 τοῦτο
729 2759 804 2829 δὲ
831 2757 1381 2849 ὁμολογουμένως
1394 2760 1707 2849 μέγιστόν
1734 2787 1804 2830 τε
1834 2764 1946 2830 καὶ
1976 2758 2161 2849 ὤφε-

159 2865 554 2955 λιμῶτατον
583 2879 719 2945 τοῖς
747 2866 1096 2933 πλέουσιν·
1142 2862 1233 2933 οὐ
1253 2861 1387 2953 μὴν
1416 2865 1524 2932 ἐπὶ
1551 2865 1738 2944 τέλος
1758 2892 1835 2953 γε
1852 2859 2158 2952 ἀφίκετο,
2226 2940 2231 2949 ,

160 2965 333 3042 ἀλλ’
359 2963 685 3057 ἡμίεργον
709 2962 845 3036 υπὸ
877 2994 997 3037 του
970 2963 1448 3069 ἀμβλυτέρως
1461 2994 1645 3059 αυτω
1616 2968 2010 3037 ἐπιπονεῖν
2037 2992 2160 3036 κα-

156 3078 526 3159 τελείφθη.
576 3080 792 3140 αἴτιον
818 3066 886 3139 δ’
920 3060 1005 3157 ἦν
1031 3067 1074 3158 ἡ
1105 3071 1259 3158 περὶ
1293 3067 1373 3138 τά
1402 3066 1632 3159 ἀχρεῖα
1661 3070 1923 3159 σπουδὴ
1947 3073 2056 3141 καὶ
2085 3069 2159 3139 τὸ

158 3180 586 3248 δαπανῶντα
615 3179 709 3255 εἰς
737 3168 1003 3262 ἡδονάς,
1036 3182 1112 3242 αι
1132 3172 1300 3243 κατὰ
1326 3171 1533 3260 μόνας
1562 3179 1840 3260 ἔμελλον
1869 3168 2161 3262 ωφελεῖν

26 3318 106 3362 3⁰
157 3273 402 3366 αὐτῷ,
431 3271 751 3365 ὑφαιρεῖν
779 3274 904 3364 τὴν
943 3277 1052 3344 ἐπὶ
1079 3291 1215 3356 τοῖς
1244 3281 1619 3369 κρείττοσιν
1646 3272 2161 3365 ἀνωμολογημέ-

148 3406 326 3459 νοις
353 3385 756 3466 φιλοτιμίαν.
813 3377 1028 3461 ἄλλως
1056 3379 1130 3448 δὲ
1161 3380 1380 3469 ῥήτωρ
1407 3407 1480 3448 τε
1495 3375 1771 3467 «ἄριστος
1798 3382 1909 3447 καὶ
1938 3380 2158 3468 γλώσ-

144 3509 266 3577 σῃ
291 3485 373 3572 τῇ
390 3474 650 3552 Ἐλλάδι
677 3485 799 3553 καῖ
815 3490 895 3574 τῇ
913 3480 1266 3573 Ῥωμαίοις
1290 3488 1548 3574 πατρίῳ
1573 3478 1840 3573 σφόδρα
1868 3478 2159 3577 ἠσκημέη
