2500 3882
216 77 335 171 158
604 145 617 150 -
881 105 1529 167 ΑΡΧΑιοΛοΓΙΑΣ

212 308 410 371 μενος
452 278 528 349 δὲ
566 285 702 351 ταῖν
741 284 1082 369 πολεμίων
1119 273 1402 348 ἄπωθεν
1439 283 1732 359 σταδίοις
1772 275 2207 366 πεντήκοντα,

215 385 458 473 πέμπει
490 380 648 463 τσὺς
675 384 1173 471 κατοψομένους
1200 377 1438 451 αὐτῶν,
1470 378 1594 469 τὴν
1632 376 2065 478 παρεμβολὴν
2092 381 2207 449 καὶ

215 493 358 567 πώς
388 484 524 555 εἷεν
552 483 1258 577 ἐστρατοπεδευκότες.
1297 481 1434 554 τῶν
1456 488 1497 572 δ
1501 483 1532 553 ὲ
1558 484 2000 554 κατασκόπων
2014 479 2200 553 πάντ’

217 585 401 681 αὐτῷ
445 587 851 678 φρασάντων
903 594 1025 658 καί
1063 589 1248 668 τινας
1293 584 1772 676 συλλαβόντων
1811 586 2093 675 νυκτός,
2139 593 2211 655 οἳ

220 687 403 785 αὐτῷ
458 693 727 781 μέλλειν
783 694 1213 761 ἐπιτίθεσθαι
1264 688 1424 771 τούς
1478 696 1836 779 πολεμίους
1886 689 2201 779 ἐμήνυον,
2243 717 2272 757 ⁵

220 790 559 885 προγνούς
576 791 1021 882 ’ἠσφαλίσατο,
1050 792 1493 881 προφυλακάς
1519 820 1591 863 τε
1618 791 2205 882 ποιησάμενοςέξω

219 904 343 966 τοῦ
384 899 837 986 στρατοπέδου
877 898 990 965 καὶ
1027 895 1151 983 τὴν
1181 895 1474 984 δύναμιν
1519 892 1613 965 δι’
1639 892 1796 984 ὅλης
1823 892 2210 984 τῆςνυκτὸς

220 1003 294 1069 ἐν
322 1014 458 1080 τοῖς
499 995 728 1079 ὅπλοις
776 1005 946 1087 ἔχων
987 995 1290 1086 ἅπασαν,
1334 1000 1444 1068 καὶ
1476 997 1952 1088 παρηγγελκὼς
1980 995 2209 1079 αὐτοῖς

219 1099 334 1184 τὰς
376 1098 593 1189 ψυχάς
638 1103 1041 1191 ἐρρωμένοις
1082 1101 1256 1172 εἶναι
1293 1103 1407 1172 καὶ
1449 1117 1590 1182 ταῖς
1630 1108 1961 1187 διανοίαις
1990 1097 2209 1182 οὕτως

223 1201 516 1292 ἔχειν,ὦς
542 1206 656 1274 καὶ
686 1204 799 1274 διὰ
824 1211 940 1304 τῆς
966 1201 1208 1287 νυκτός
1227 1258 1246 1293 ,
1285 1211 1349 1274 εἰ
1372 1205 1652 1296 δεήσειε,
1680 1206 2202 1295 μαχησομένους,

225 1304 393 1378 ὥστε
419 1305 509 1397 μὴ
540 1315 783 1378 λαθεῖν
809 1304 1036 1378 αὖτών
1062 1305 1185 1396 τὴν
1212 1314 1625 1397 προαίρεσιν.
1705 1313 1778 1376 οἱ
1801 1308 1877 1377 δὲ
1907 1315 2029 1377 τοῦ
2056 1317 2209 1395 Δη-

223 1418 511 1501 μητρίου
534 1405 907 1501 στρατηγοὶ
950 1407 1330 1500 πυθόμενοι
1368 1409 1488 1481 τὸν
1520 1407 1848 1499 Ἰωνάθην
1900 1420 2211 1499 μεμαθη-

227 1515 387 1606 κότα
427 1509 652 1584 οὐκέτι
692 1512 815 1601 τὴν
852 1514 1130 1603 γνώμην
1162 1504 1337 1602 ἦσαν
1377 1510 1627 1603 ὑγιεῖς,
1668 1510 1817 1590 ἀλλ’
1858 1513 2212 1603 ἐτάραττεν

227 1611 477 1696 αὐτούς
515 1614 591 1684 τὸ
632 1616 1076 1705 καταφώρους
1128 1632 1267 1697 τοῖς
1323 1620 1590 1705 ἐχθροῖς
1635 1618 1984 1705 γεγονέναι
2004 1669 2023 1705 ,
2077 1644 2229 1716 μη(
2305 1689 2314 1698 „

229 1719 377 1788 δενὶ
433 1723 947 1823 προσδοκῶντας
997 1715 1226 1789 αὐτῶν
1289 1718 1759 1808 ἐπικρατήσειν
1801 1721 2036 1812 ἑτέρῳ,
2089 1725 2207 1807 τῆς

229 1824 586 1909 ἐπιβουλῆς
627 1824 1187 1911 διημαρτημένης·
1253 1825 1330 1891 ἐκ
1371 1820 1499 1911 γὰρ
1537 1828 1659 1892 τοῦ
1699 1828 2003 1918 φανεροῦ
2057 1827 2211 1892 δια-

228 1922 743 2007 κινδυνεύοντες
778 1921 904 1995 οὐκ
947 1924 1249 2014 ἐνόμιζον
1291 1924 1463 1995 εἶναι
1503 1939 1639 2007 τοῖς
1672 1923 1998 1996 Ἰωνάθου
2027 1922 2212 2009 ἄξιό-

228 2055 443 2117 μαχοι.
500 2026 732 2117 φυγὴν
758 2056 886 2098 ουν
912 2028 1453 2118 ἐβουλεύσαντο,
1480 2030 1595 2098 καὶ
1634 2056 1822 2117 πυρα
1844 2028 2235 2110 καύσαντες·

554 2127 573 2153 2
656 2126 686 2153 Ἃ
767 2127 785 2154 e

231 2129 481 2218 πολλά,
527 2158 615 2212 ως
643 2157 728 2200 αν
755 2159 1044 2221 ορωυτες
1071 2137 1144 2201 οἰ
1174 2135 1475 2220 πολέμιοι
1503 2133 1733 2221 μένειν
1762 2129 2011 2212 αὐτοὺς
2037 2158 2214 2201 υπο-

230 2234 693 2323 λαμβάνωσιν,
724 2230 1172 2324 ἀνεχώρησαν.
1234 2231 1272 2305 ὁ
1303 2235 1379 2305 δὲ
1399 2231 1718 2323 Ἰωνάθης
1748 2237 1969 2304 ἕωθεν
1995 2255 2208 2323 προσ-

218 2340 419 2424 ’μίξας
464 2333 691 2405 αὐτων
732 2344 825 2429 τῷ
867 2340 1294 2430 στρατοπέδῳ
1346 2340 1459 2408 καὶ
1512 2334 1912 2426 καταλαβων
1966 2344 2215 2426 ἔρημον

229 2435 417 2526 αὐτό,
447 2439 679 2519 συνεὶς
703 2435 806 2507 ὅτι
831 2438 1274 2527 πεφεύγασιν,
1307 2444 1618 2510 ἐδίωκεν.
1658 2436 1740 2510 ού
1769 2440 1994 2529 μέντοι
2025 2440 2215 2531 φθά-

230 2567 338 2610 νει
375 2548 809 2629 καταλαβεῖν·
881 2537 1010 2630 ἤδη
1050 2538 1178 2631 γὰρ
1202 2541 1343 2612 τὸν
1369 2540 1773 2631 Ἐλεύθερον
1812 2543 2215 2632 διαβεβηκό-

231 2671 337 2725 τες
364 2641 663 2732 ποταμὸν
688 2634 861 2731 ἦσαν
885 2646 963 2714 ἐν
989 2640 1298 2735 ἀσφαλεῖ.
1377 2646 1821 2734 ποιησάμενος
1865 2632 1994 2715 οὖν
2036 2650 2215 2717 ἐκεῖ-

229 2758 362 2817 θεν
397 2744 522 2836 τὴν
574 2742 1012 2837 ὑποστροφὴν
1056 2746 1224 2836 πρὸς
1270 2745 1617 2842 Ἀραβίαν,
1672 2751 1785 2818 καὶ
1835 2748 2213 2838 πολεμήσας

231 2849 390 2932 τοὺς
425 2857 859 2945 Ναβαταίους
899 2853 1013 2921 καὶ
1053 2851 1314 2941 πολλὴν
1365 2848 1592 2922 αὐτῶν
1643 2858 1837 2921 λείαν
1880 2848 2217 2934 ἀπελάσας

228 2956 342 3023 καὶ
355 2951 583 3042 λαβών
598 2952 1073 3043 αἰχμαλώτους,
1091 2954 1319 3025 ἐλθών
1336 2961 1429 3036 εἰς
1445 2951 1815 3043 Δαμασκὸν
1832 2957 1976 3024 ἐκεῖ
1995 2954 2217 3025 πάντα

232 3051 535 3126 ἀπέδοτο.
605 3052 738 3126 ὑπὸ
780 3055 856 3126 δὲ
884 3053 1003 3126 τὸν
1021 3053 1498 3147 αὖτὸνκαιρόν
1530 3058 1644 3127 καὶ
1670 3064 1910 3146 Σίμων
1945 3054 1982 3128 ὃ
2013 3055 2217 3127 ἀδελ-

232 3153 360 3240 φὸς
390 3153 604 3228 αυτοῦ
631 3156 757 3248 τὴν
775 3155 1179 3229 Ἰουδαίαν”
1134 3183 1421 3231 απασαν
1427 3158 1739 3230 ἐπελθών
1769 3162 1885 3230 καὶ
1910 3159 2036 3250 τὴν
2061 3169 2216 3229 Πα-

230 3261 575 3375 λαιστίνην
622 3288 747 3341 εως
780 3257 1222 3351 Ἀσκάλωνος,
1277 3259 1724 3352 ἠσφαλίσατο
1750 3261 1828 3332 τὰ
1887 3264 2211 3354 φρούρια,

228 3355 344 3422 καὶ
371 3353 648 3443 ποιήσας
673 3369 882 3433 ταῦτα
906 3366 1021 3434 καὶ
1060 3381 1195 3447 τοῖς
1230 3367 1712 3459 οἰκοδομήμασι
1749 3366 1865 3436 καὶ
1902 3382 2046 3449 ταῖς
2072 3394 2217 3457 φυ-

229 3461 462 3533 λακαῖς
503 3451 715 3549 ὀχυρά
742 3454 908 3550 ἧκεν
947 3473 1041 3548 εἰς
1061 3464 1316 3559 Ἰόπην,
1361 3471 1475 3541 καὶ
1513 3469 2049 3563 καταλαβόμενος
2079 3466 2220 3542 αὖ·

2247 2775 2303 2815 25

2251 3294 2306 3338 30
