2500 3882
1147 119 1369 180 »ΒΙΟΣ
2119 114 2240 186 295
2256 179 2261 188 2

254 289 577 382 ἤνεγκεν,
618 287 881 380 ἀχρεῖος
922 289 996 361 τὸ
1036 290 1275 366 λοιπὸν
1311 286 1514 373 αὐτὸς
1551 296 1841 381 νομίζων
1871 303 2238 382 φανεῖσθαι

251 411 393 477 τοῖς
433 401 828 484 βασιλεῦσιν
865 390 1280 484 ἀφικομένου
1327 400 1449 463 τοῦ
1493 401 1855 465 Φιλίππου.
1938 405 2235 484 προαγα-

254 497 401 586 γων
445 487 572 568 οὖν
616 503 710 580 εἰς
752 495 831 566 τὰ
868 505 1128 586 πλῆθος
1171 495 1290 568 τὸν
1328 493 1445 577 τάς
1481 496 1830 579 ἐπιστολὰς
1863 506 2235 587 κομίζοντα,

254 602 372 670 καὶ
408 606 961 690 πλαστογραφίαν
1004 602 1398 682 ἐπικαλέσας
1418 652 1439 687 ,
1479 600 1866 683 ψεύδεσθαί
1897 629 1968 672 τε
2019 600 2237 690 φήσας

189 731 221 768 ει
257 699 468 773 αὐτὸν
519 700 1013 791 ἀπαγγείλαντα
1064 706 1139 797 έν
1193 718 1333 784 τοῖς
1374 698 1857 793 Ἱεροσολύμοις
1897 705 2239 777 Φίλιππον

253 804 419 895 μετά
487 813 624 876 τῶν
675 803 1020 876 Ἰουδαίων
1062 803 1405 895 Ῥωμαίοις
1453 813 1801 897 πολεμεῖν,
1871 804 2235 878 ἀπέκτεινε.

251 908 344 999 μὴ
373 905 922 1008 ὑποστρέψαντος
946 910 1024 980 δὲ
1047 917 1168 980 τοῦ
1196 911 1670 998 ἐξελευθέρου,
1707 915 2038 991 Φίλιππος
2065 905 2237 980 ἀπο-

251 1018 397 1102 ρῶν
421 1010 548 1102 τὴν
575 1018 798 1083 αἰτίαν
827 1011 1152 1100 δεύτερον
1181 1014 1500 1099 ἐκπέμπει
1533 1010 1678 1101 μετ’
1711 1015 2080 1084 ἐπιστολῶν
2105 1012 2238 1082 πά-

254 1124 365 1184 λιν
412 1114 534 1185 τόν
575 1112 1088 1205 ἀπαγγελοῦντα
1130 1113 1304 1243 πρὸς
1341 1111 1552 1197 αὐτὸν
1589 1121 1661 1185 ’τί
1695 1113 1767 1184 τὸ
1814 1114 2235 1204 συμβεβηκὸς

168 1242 219 1282 ιο
256 1227 359 1306 εἴη’
402 1225 496 1312 τῷ
536 1214 1008 1306 ἀποσταλέντι,
1052 1214 1149 1289 δι’
1192 1214 1233 1289 ὃ
1257 1216 1683 1308 βραδύνειεν.
1753 1220 1866 1287 καὶ
1894 1225 2133 1312 τοῦτον
2159 1219 2235 1288 δὲ

249 1321 801 1446 παραγενόμενον
857 1317 898 1390 ἆ
931 1318 1152 1411 ’8ἄρος
1193 1321 1708 1409 συκοφαντήσας
1754 1317 2041 1391 ἀνεῖλεν.
2121 1322 2235 1390 καὶ

250 1420 382 1512 γάρ
410 1420 545 1493 ὑπὸ
585 1430 721 1493 τῶν
760 1426 835 1494 έν
866 1429 1240 1515 Καισαρείᾳ
1270 1422 1524 1513 Σύρων
1562 1414 1806 1513 ἐπῆρτο
1845 1425 2014 1513 μέγα
2060 1435 2235 1512 φρο-

250 1537 432 1614 νεῖν,
499 1522 1074 1616 ἀναιρεθήσεσθαι
1140 1524 1267 1614 μὲν
1319 1524 1656 1614 λεγόντων
1715 1523 1849 1597 ὑπὸ
1895 1522 2234 1616 Ῥωμαίων

240 1625 617 1720 Ἀγρίππαν
651 1628 769 1700 διὰ
808 1628 923 1711 τὰς
959 1625 1094 1700 ὑπὸ
1119 1625 1466 1700 Ἰουδαίων
1505 1625 1857 1719 ἁμαρτίας,
1900 1629 2235 1718 λήψεσθαι

163 1755 218 1798 15
250 1728 318 1802 δ’
372 1761 587 1804 αυτον
628 1731 755 1822 τὴν
797 1729 1012 1823 ἀρχὴν
1054 1734 1128 1803 ἐκ
1162 1735 1498 1822 βασιλέων
1545 1730 1737 1803 σντα·
1806 1734 1954 1802 καὶ
1961 1730 2088 1823 γὰρ
2151 1723 2236 1822 ἦν

247 1831 828 1925 ὁμολογουμένως
860 1831 904 1907 ὃ
949 1832 1171 1927 ’8ἄρος
1223 1843 1577 1925 βασιλικου
1636 1838 1905 1924 γένους,
1961 1834 2237 1931 ἔκγονος

248 1940 521 2027 Σοέμου
546 1967 670 2009 του
639 1941 837 2030 περὶ
864 1938 984 2023 τὸν
1003 1946 1319 2029 Λίβανον
1324 1944 1860 2027 τετραρχοῦντος.
1916 1935 2032 2009 διὰ
2058 1932 2231 2008 τοῦτ’

251 2069 382 2111 ουν
413 2036 450 2110 ὅ
470 2037 691 2131 ’8αρος
717 2041 1138 2134 τυφούμενος
1165 2070 1281 2124 τας
1303 2040 1429 2130 μὲν
1456 2039 1800 2120 ἐπιστολὰς
1820 2036 1983 2130 παρ’
2017 2042 2234 2133 ἑαυτῷ
2276 2044 2295 2065 “

247 2145 561 2233 κατέσχε,
600 2144 1074 2269 μηχανώμενος
1116 2142 1206 2234 μὴ
1249 2144 1587 2231 ἐντυχεῖν
1587 2157 1726 2223 τοῖς
1750 2142 2088 2232 γράμμασι
2115 2140 2235 2213 τὸν

158 2275 216 2317 20
248 2249 565 2337 βασιλέα,
605 2247 730 2329 τὰς
769 2247 1042 2331 ἐξόδους
1078 2246 1162 2319 δὲ
1194 2247 1407 2328 πάσας
1435 2244 1793 2336 ἐφρούρει,
1833 2243 1922 2334 μὴ
1934 2244 2232 2336 διαδράς

243 2378 343 2433 τις
369 2346 797 2440 ἀπαγγείλειε
824 2358 918 2443 τῷ
948 2359 1228 2476 βασιλεῖ
1232 2346 1315 2420 τὰ
1326 2348 1779 2439 πραττόμενα.
1856 2351 1970 2419 καὶ
1998 2346 2082 2438 δὴ
2108 2377 2231 2439 χα-

245 2454 584 2552 ριζόμενος
629 2469 766 2537 τοῖς
806 2452 976 2524 κατὰ
1019 2451 1142 2542 τὴν
1194 2452 1609 2541 Καισάρειαν
1649 2451 1902 2543 Σύροις
1943 2451 2233 2533 πολλους

244 2563 384 2625 τῶν
402 2552 745 2629 Ἰουδαίων
774 2553 1186 2627 ἀπέκτεινεν.
1264 2555 1614 2645 ἐβουλήθη
1657 2556 1870 2625 δὲκαὶ
1905 2553 2071 2644 μετὰ
2096 2562 2233 2625 τῶν

249 2661 326 2729 έν
353 2666 693 2752 Βαταναίᾳ
747 2667 1189 2748 Τραχωνιτων
1228 2655 1590 2747 ἀναλαβων
1630 2655 1712 2726 τὰ
1738 2654 1912 2727 οπλα
1939 2659 2047 2727 ἐπὶ
2075 2685 2235 2738 τους

152 2791 216 2835 2⁵
250 2763 329 2831 έν
357 2756 779 2850 Ἐκβατάνοις
822 2769 1304 2851 Βαβυλωνίους
1342 2756 1709 2840 Ἰουδαίους
1766 2759 2046 2849 (ταύτην
2100 2757 2231 2850 γὰρ

235 2861 369 2953 τὴν
407 2872 867 2954 προσηγορίαν
912 2872 1209 2954 ἔχουσιν)
1249 2861 1553 2954 ὁρμῆσαι.
1623 2864 1904 2945 καλέσας
1942 2853 2069 2932 οὖν
2099 2869 2234 2931 τῶν
2328 2921 2338 2935 .

251 2966 424 3038 κατὰ
461 2964 589 3057 τὴν
627 2966 1041 3057 Καισάρειαν
1071 2965 1415 3043 Ἰουδαίων
1446 2966 1712 3036 δώδεκα
1744 2964 1904 3048 τοὺς
1941 2970 2233 3054 δοκιμω-
2322 2980 2338 3071 '.
2360 2973 2373 2979 “

253 3072 513 3161 τάτους,
543 3075 992 3162 προσέτασσεν
1017 3068 1243 3152 αὐτοῖς
1279 3067 1714 3161 ἀφικομένοις
1752 3075 1846 3149 εἰς
1868 3065 2234 3157 Ἐκβάτανα

247 3172 413 3262 πρὸς
449 3202 613 3257 τους
661 3178 804 3245 ἐκεῖ
836 3181 1314 3298 κατοικοῦντας
1349 3169 1578 3253 αὐτων
1603 3168 1989 3262 ὁμοφύλους
2019 3177 2234 3243 εἰπεῖν
2294 3188 2299 3193 ’

160 3304 218 3347 ao
250 3303 355 3345 οτι
384 3273 640 3366 Ὲᾶρος,
687 3275 985 3359 ἀκούσας
1026 3273 1200 3364 υμᾶς
1243 3278 1353 3348 ἐπὶ
1393 3278 1670 3365 βασιλέα
1697 3272 2023 3364 μέλλειν“
1993 3303 2230 3400 ορμαν,

251 3379 367 3446 καὶ
404 3379 494 3467 μὴ
519 3380 909 3468 πιστεύσας,
952 3382 1308 3469 πέπομφεν
1348 3376 1544 3504 ἡμᾶς*
1558 3386 1909 3461 πείσοντας
1945 3375 2117 3470 ὑμας
2151 3378 2232 3449 τά

250 3475 428 3551 οπλα
451 3486 902 3556 καταθέσθαι·
958 3491 1155 3554 τοῦτο
1194 3480 1324 3575 γὰρ
1361 3479 1544 3577 αὖτφ
1572 3481 1931 3574 τεκμήριον
1958 3489 2227 3554 ἔσεσθαι
