2500 3882
300 119 413 178 114
831 104 838 114 '
962 115 1610 176 ΑΡΧΑΙΟΛΟΓΙΑΣ

300 294 412 362 καὶ
440 288 515 361 τὸ
543 292 814 379 τέμενος
840 265 1194 379 ἐνέπρησε,
1238 296 1509 380 ποικίλῃ
1549 288 1959 380 χρησάμενος
2000 287 2147 379 ἰδέᾳ
2173 293 2298 376 τῆς

303 392 635 475 ἀπωλείας
661 399 798 463 τῶν
823 398 1184 481 πολεμίων.

234 517 268 570 5
451 502 661 570 ταῦτα
699 495 1228 587 διαπραξάμενος
1272 495 1383 564 καὶ
1427 491 1836 582 συναγαγὼν
1880 491 2046 573 τοὺς,
2082 494 2158 562 ἐν
2209 498 2296 584 τῇ

300 605 736 683 Γαλααδίτιδι
757 596 1141 679 Ἰουδαίους
1162 593 1332 685 μετὰ
1358 602 1495 665 τῶν
1520 598 1778 667 τέκνων
1803 598 1916 666 καὶ
1942 602 2299 684 γυναικῶν

301 706 416 774 καὶ
442 711 559 793 τῆς
584 699 1011 791 ὑπαρχούσης
1048 696 1279 782 αὐτοῖς
1316 695 1728 825 ἀποσκευῆς,
1790 694 1928 781 οἷός
1967 727 2053 769 τε
2068 689 2156 788 ἦν
2195 704 2297 781 εἰς
2329 728 2359 768 ⁵

302 806 427 895 τὴν
464 804 815 876 Ἰουδαίαν
859 806 1328 891 ἐπαναγαγεῖν.
1411 797 1501 883 ὥς
1521 799 1612 872 δ’
1653 792 1821 891 ἧκεν
1850 805 1967 873 ἐπί
1985 830 2135 872 τινα
2164 801 2299 871 πό-

304 918 414 980 λιν
424 905 704 998 ’Έφρων
733 934 970 995 ονομα,
1001 907 1109 976 ἐπὶ
1137 912 1256 996 τῆς
1280 901 1448 974 ὁδοῦ
1475 906 1812 995 κειμένην,
1840 908 1954 975 καὶ
1983 933 2142 974 ουτε
2171 900 2299 974 αλ-

303 1021 429 1101 λην
470 1008 654 1104 αὐτῷ
694 1010 1089 1102 τραπομένῳ
1130 1014 1429 1097 βαδίζειν
1475 1006 1770 1079 δυνατὸν
1808 1037 1894 1097 ην
1923 1004 2080 1092 οὔτε
2124 1004 2298 1078 ἀνα-

303 1116 621 1204 στρέφειν
649 1107 921 1203 ήθελεν,
952 1116 1214 1202 πέμψας
1241 1108 1411 1201 πρὸς
1436 1109 1597 1194 τοὺς
1628 1115 1702 1181 ἐν
1730 1108 1902 1202 αὐτῇ
1928 1111 2297 1200 παρεκάλει

302 1215 420 1298 τὰς
449 1217 665 1299 πύλας
694 1212 1087 1298 ἀνοίξαντας
1116 1215 1495 1305 ἐπιτρέπειν
1525 1212 1708 1307 αὐτῷ
1736 1212 1850 1283 διὰ
1890 1222 2005 1304 τῆς
2034 1211 2296 1296 πόλεως
2315 1220 2386 1287 ἰο

304 1317 659 1391 ἀπελθεῖν·
717 1318 832 1400 τάς
872 1346 946 1389 τε
982 1316 1110 1410 γὰρ
1153 1318 1368 1399 πύλας
1408 1324 1630 1399 λίθοις
1659 1317 2135 1408 ἐπεφράκεσαν
2180 1319 2301 1387 καὶ

298 1421 430 1513 τὴν
485 1427 789 1507 διέξοδον
850 1421 1321 1510 ἀπετέμνοντο.
1403 1419 1494 1510 μὴ
1548 1423 1978 1509 πειθομένων
2028 1420 2105 1491 δὲ
2156 1428 2299 1490 τῶν

297 1524 655 1617 Ἐφραίων,
687 1524 1119 1615 παρορμήσας
1149 1521 1309 1606 τούς
1333 1519 1491 1612 μεθ’
1525 1525 1769 1594 ἑαυτοῦ
1799 1525 1919 1593 καὶ.
1940 1523 2300 1594 κυκλωσά-

304 1657 505 1718 μενος
533 1628 930 1717 ἐπολιόρκει.
1009 1628 1122 1697 καὶ
1165 1623 1261 1697 δι’
1293 1622 1542 1717 ἡμέρας
1568 1628 1682 1696 καὶ
1708 1625 1952 1708 νυκτὸς
1992 1647 2300 1716 προσκα-

305 1738 515 1824 θίσαςῚ
538 1733 787 1821 ἐξαιρεῖ
812 1729 935 1818 τὴν
951 1729 1183 1816 πόλιν,
1212 1731 1325 1799 καὶ
1357 1736 1492 1799 πᾶν
1525 1724 1686 1799 ὅσον
1714 1727 1920 1820 ἄρρεν
1941 1722 2026 1819 ἦν
2053 1733 2129 1801 ἐν
2161 1727 2295 1799 αύ-
2334 1764 2384 1804 ιε

304 1841 386 1925 τῇ
416 1842 681 1915 κτείνας
723 1834 838 1903 καὶ
877 1832 1304 1923 καταπρήσας
1344 1828 1611 1902 ἅπασαν
1653 1830 1866 1921 αὐτὴν
1911 1830 2077 1903 ὁδὸν
2120 1840 2294 1921 ἔσχε.

305 1945 586 2008 τοσοῦτο
627 1934 693 2009 δ’
749 1927 835 2026 ἦν
882 1935 956 2007 τὸ
997 1944 1133 2009 τῶν
1174 1938 1705 2025 πεφονευμένων
1746 1944 2007 2025 πλῆθος
2047 1931 2135 2021 ὥς
2179 1933 2289 2007 ἐπ’

307 2038 535 2112 αὐτῶν
573 2047 872 2130 βαδίζειν
916 2046 1052 2109 τῶν
1093 2047 1375 2131 νεκρῶν.
1457 2039 1809 2128 διαβάντες
1851 2040 1926 2110 δὲ
1968 2039 2089 2110 τὸν
2121 2036 2291 2130 Ἰορ-

308 2144 523 2235 δάνην
551 2136 722 2235 ἧκον.
748 2150 842 2226 εἰς
869 2142 944 2214 τὸ
973 2145 1142 2233 μέγα
1175 2148 1435 2231 πεδίον,
1474 2133 1559 2221 οὗ
1586 2158 1800 2213 κεῖται
1829 2141 1997 2213 κατὰ
2023 2144 2296 2233 πρόσω-

307 2275 440 2318 πον
468 2248 658 2328 πόλις
683 2247 1022 2336 Βεθσάνη,
1052 2249 1431 2340 καλουμένη
1459 2243 1627 2337 πρὸς
1644 2243 1981 2335 Ἑλλήνων
2006 2247 2292 2316 Σκυθό-
2326 2276 2377 2319 m

307 2360 530 2437 πολις,
579 2347 903 2420 κάκεῖθεν
937 2346 1350 2438 ὁρμηθέντες
1380 2355 1473 2430 εἰς
1500 2347 1623 2436 τὴν
1643 2345 1977 2420 Ἰουδαίαν
2003 2353 2294 2440 παρεγέ-

304 2480 524 2541 νοντο,
556 2448 921 2535 ψάλλοντές
946 2479 1018 2521 τε
1042 2454 1156 2521 καὶ
1179 2448 1655 2545 ὑμνῳδοῦντες
1685 2451 1938 2533 καὶτὰς
1964 2452 2291 2542 συνήθεις
2363 2486 2366 2491 ·
2427 2509 2444 2517 -

307 2559 381 2625 ἐν
410 2570 546 2638 τοῖς
572 2558 924 2636 ἐπινικίοις
952 2553 1222 2636 παιδιὰς
1237 2550 1535 2643 ἄγοντες.
1592 2561 1852 2626 ἔθυσαν
1871 2556 1946 2625 δὲ
1973 2579 2290 2646 χαριστη-

294 2666 496 2747 ρίους
520 2664 771 2739 θυσίας
788 2654 961 2748 ὑπέρ
991 2685 1060 2728 τε
1087 2664 1224 2727 τῶν
1249 2660 1811 2749 κατωρθωμένων
1825 2660 1947 2731 ,καὶ
1976 2655 2150 2750 ὑπὲρ
2177 2666 2294 2749 τῆς

307 2769 429 2833 τοῦ
446 2760 934 2853 στρατεύματος
962 2767 1322 2851 σωτηρίας·
1352 2752 1578 2842 οὐδεὶς
1609 2759 1739 2852 γὰρ
1766 2764 1843 2832 ἐν
1870 2760 2132 2845 τούτοις
2156 2777 2294 2846 τοῖς
2327 2798 2381 2840 25
2499 2840 2500 2845 ,

312 2868 618 2955 πολέμοις
648 2872 783 2935 τῶν
811 2862 1154 2934 Ἰουδαίων
1183 2860 1549 2935 ἀπέθανεν.

248 2983 283 3038 6
453 2965 769 3059 Ἰώσηπος
797 2967 872 3037 δὲ
898 2964 935 3037 ὁ
962 2974 1303 3056 Ζαχαρίου
1337 2969 1453 3036 καὶ
1472 2964 1802 3056 Ἀζαρίας,
1838 2965 1958 3050 οὓς
1984 2971 2297 3039 κατέλιπε

311 3071 719 3164 στρατηγοὺς
738 3067 992 3153 Ἰούδας
1014 3068 1178 3141 καθ’
1212 3067 1294 3141 ὃν
1320 3069 1561 3160 καιρὸν
1577 3079 1817 3159 Σίμων
1841 3073 1967 3161 μὲν
1996 3068 2299 3162 ὑπῆρχεν

312 3179 387 3243 έν
415 3181 494 3262 τῇ
520 3180 1194 3271 Γαλιλαίαπολεμῶν,
1214 3171 1371 3255 τούς
1399 3177 1472 3243 ἐν
1499 3181 1944 3263 Πτολεμαΐδι,
1988 3172 2192 3257 αὐτὸς
2221 3177 2298 3246 δὲ
2351 3176 2388 3269 ’1

310 3272 346 3344 ὁ
369 3273 617 3356 Ἰούδας
643 3280 757 3347 καὶ
783 3274 820 3346 ὃ
849 3273 1143 3364 ἀδελφὸς
1171 3272 1386 3346 αὐτοῦ
1408 3274 1725 3366 Ἰωνάθης
1753 3281 1827 3348 έν
1848 3286 1926 3368 τῇ
1951 3283 2294 3355 Γαλααδί-
2331 3309 2387 3353 ao

312 3380 483 3471 τιδι,
551 3381 1000 3467 βουληθέντες
1056 3382 1171 3457 καὶ
1233 3376 1426 3450 αὐτοὶ
1479 3381 1685 3464 δόξαν
1728 3380 2300 3472 περιποιήσασθαι

316 3484 705 3566 στρατηγῶν
734 3478 813 3548 τὰ
842 3480 1167 3569 πολεμικοὶ
1200 3489 1556 3583 γενναίων,
1585 3482 1709 3575 τὴν
1737 3481 1854 3556 ὑπ’
1888 3482 2142 3568 αὐτοὺς
2169 3485 2296 3559 δύ·
