2500 3882
837 64 1645 169 ENNEAKAIAEKATH
2061 196 2070 204 ‚
2096 111 2218 176 239

235 275 464 363 αὐτόν,
491 278 710 365 λέγων
726 272 881 347 “ἐπὶ
909 284 1111 350 ποίαν
1136 273 1172 349 6
1196 276 1513 367 βασιλευς
1545 278 1742 371 τιμὴν
1768 278 2095 352 ἀνακαλεῖ
2114 312 2217 372 με,
2289 347 2296 354 ,

232 379 359 470 τὴν
386 377 551 469 μετὰ
575 378 816 472 μικρὸν
850 378 1352 471 ἀπολουμένηνς
1403 379 1718 475 οὐδὲγὰρ
1744 380 1825 453 τά
1851 385 2082 473 πρῶτά
2106 415 2220 475 μοι

236 488 423 572 γέρα,
448 488 563 573 τῆς
612 490 707 564 εἰς
746 480 950 554 αὐτὸν
1003 481 1270 565 εὐνοίας
1311 484 1662 575 ἐτήρησεν,
1715 483 2092 577 ἀπεσύλησε
2144 490 2220 559 δὲ

235 582 535 712 ὑβρίσας.
594 582 638 676 ἦ
665 593 1052 657 πεπαῦσθαι
1090 587 1406 677 νενόμικέ
1425 616 1508 678 με
1532 595 1649 679 τῆς
1675 597 2076 681 παρρησίας;
2102 588 2221 686 ἢν

174 710 201 749 ⁵
238 686 371 759 ἀπὸ
411 696 608 759 ποίου
634 689 1020 770 συνειδότος
1047 695 1218 779 ἔχων
1238 696 1373 761 νῦν
1397 692 1721 782 βοήσομαι
1757 698 2007 819 μᾶλλον
2029 691 2221 765 ὅσων

239 788 447 862 αὐτὸν
465 792 872 882 ἐξελυσάμην
901 790 1226 880 δεινῶν,”
1188 813 1386 874 οσους
1412 792 1663 884 ἤνεγκα
1689 796 1956 881 πόνους,
1984 799 2219 891 ἐκείνῳ

235 894 659 985 χαριζόμενος
697 902 1034 1023 σωτηρίαν
1068 923 1142 966 τε
1169 897 1282 965 καὶ
1307 897 1533 1023 τιμήν,
1577 928 1675 969 ων
1709 897 1968 990 ,κέρας’
1932 900 2215 989 ηνεγκά-

237 1026 373 1087 μην
401 996 612 1087 δεσμὰ
637 1000 751 1068 καὶ
788 998 1055 1069 σκότιον
1095 999 1383 1090 εἱρκτήν.
1449 998 1572 1071 οὐκ
1601 1001 1744 1090 .ἐγω’
1776 1030 1936 1072 ποτε
1957 1002 2219 1073 τούτων

240 1101 552 1191 λήσομαι·
581 1101 743 1191 τάχα
769 1130 883 1191 μοι
909 1100 1033 1191 τὴν
1057 1108 1173 1192 τῆς
1189 1100 1522 1193 ἀριστείας
1548 1113 2020 1202 συναποίσεται
2047 1105 2216 1197 μνή-

155 1230 206 1269 10
239 1233 385 1294 μην.
411 1206 522 1274 καὶ
547 1210 1009 1294 μεταναστᾶσα
1044 1209 1160 1294 τῆς
1183 1204 1427 1295 σαρκὸς
1452 1202 1495 1296 ἡ
1526 1203 1771 1298 ψυχή.”
1827 1213 2035 1278 ταῦτα
2061 1206 2216 1280 ἀνε-
2255 1269 2260 1276 .

240 1308 369 1396 βόα
392 1310 504 1377 καὶ
544 1306 912 1390 διετάττετο
938 1314 1031 1402 τῷ
1066 1315 1334 1396 βασιλεῖ
1357 1312 1578 1396 λέγειν
1595 1332 1610 1345 ·
1657 1308 1695 1381 ὃ
1722 1311 1798 1381 δὲ
1823 1307 1911 1392 ὥς
1937 1309 2221 1393 ἀνιάτως

243 1412 417 1499 ἑώρα
445 1416 895 1499 διακείμενον,
923 1410 1126 1481 πάλιν
1156 1421 1388 1481 εἴασεν.
1409 1414 1483 1482 ἐν
1512 1419 1800 1507 φρουρᾷ.

388 1511 467 1614 τὰ
496 1513 570 1583 δὲ
609 1519 744 1584 τῶν
775 1510 1250 1604 Ἰεροσολύμων
1276 1522 1457 1604 τείχη
1495 1543 1578 1585 τα
1619 1515 1783 1609 πρὸς
1817 1514 1941 1606 τὴν
1980 1514 2222 1606 καινὴν
2248 1525 2283 1577 2

210 1607 527 1686 νεύοντα
556 1616 751 1688 πόλιν
774 1624 1122 1708 δημοσίαις
1148 1613 1413 1706 ὠχύρου
1450 1619 1776 1702 δαπάναις
1789 1671 1808 1707 ,
1838 1624 1920 1708 τῇ
1949 1620 2077 1708 μὲν
2104 1616 2217 1689 εὖ·

154 1752 203 1791 15
240 1719 470 1810 ρύνων
501 1726 595 1800 είς
622 1720 897 1807 πλάτος,
935 1728 1017 1813 τῇ
1056 1720 1130 1791 δὲ
1172 1727 1267 1801 εἰς
1303 1718 1472 1805 υψος
1498 1724 1797 1814 ἐξαίρων.
1850 1718 1979 1794 κάν
2009 1725 2217 1813 ἐξειρ-

237 1823 484 1911 γάσατο
510 1829 718 1893 ταῦτα
755 1809 967 1912 πάσης
995 1820 1431 1914 ἀνθρωπίνης
1457 1832 1803 1914 κρείττονα
1828 1833 2010 1914 βίας,
2043 1834 2107 1897 εί
2128 1824 2219 1916 μὴ

238 1925 520 2052 Μάρσος
575 1922 611 1995 6
648 1932 764 2016 τῆς
805 1934 1064 2017 Συρίας
1104 1955 1373 2018 ηγεμων
1413 1934 1735 2023 Κλαυδίω
1772 1936 2063 2020 Καίσαρι
2109 1927 2223 1999 διά

241 2030 646 2120 γραμμάτων
672 2029 964 2119 ἐδήλωσε
1002 2027 1077 2100 τὸ
1107 2030 1595 2121 πραττόμενον,
1634 2034 1746 2102 καὶ
1774 2032 2224 2121 νεωτερισμόν

239 2159 392 2201 τινα
430 2131 770 2213 Κλαύδιος
805 2128 1229 2213 υποπτεύσας
1269 2136 1645 2204 ἐπέστειλεν
1688 2131 2015 2226 Ἀγρίππα
2059 2131 2225 2223 μετὰ

150 2260 206 2302 20
240 2240 540 2324 σπουδῆς
565 2235 949 2306 παύσασθαι
984 2242 1113 2326 τῆς.
1126 2264 1262 2306 των
1288 2264 1526 2365 τειχων
1556 2237 2125 2327 ἐξοικοδομήσεως.
2183 2233 2224 2306 ὃ

240 2338 314 2408 δὲ
340 2336 657 2410 ἀπειθεῖν
679 2366 804 2409 ουκ
834 2345 1120 2430 ἔκρινεν.

383 2441 708 2532 ἐπεφύκει
750 2437 884 2512 δὲ’
854 2472 890 2513 ο
924 2440 1241 2531 βασιλευς
1280 2433 1472 2525 οὗτος
1500 2440 1913 2533 ευεργετικός
1947 2442 2120 2515 εἶναι
2147 2406 2221 2514 ἐν
2247 2448 2283 2503 3

245 2550 525 2670 δωρεαῖς
553 2548 667 2615 καὶ
702 2550 1292 2673 μεγαλοφρονῆσαι
1313 2553 1486 2671 ἔθνη
1514 2545 1890 2638 φιλότιμος,
1917 2550 2029 2618 καὶ
2056 2557 2219 2619 πολ·
2333 2639 2344 2643 ⁴

245 2655 385 2726 λοις
427 2630 688 2736 ἀθρόως
733 2642 1203 2739 δαπανήμασιν
1255 2646 1523 2728 ἀνιστὰς
1575 2645 1782 2721 αὑτὸν
1832 2657 1927 2731 εἰς
1976 2651 2219 2739 ἐπιφά-
2281 2665 2285 2669 ’

148 2781 206 2821 25
243 2775 471 2836 νειαν,
486 2744 820 2840 ηδόμενος
844 2779 936 2821 τω
962 2759 1382 2842 χαρίζεσθαι,
1424 2752 1544 2821 καὶ
1563 2757 1656 2845 τῷ
1683 2758 1881 2841 βιοῦν
1907 2756 1981 2822 ἐν
2008 2749 2218 2841 εὐφη-

237 2859 359 2945 μία
384 2859 675 2944 χαίρων,
713 2881 836 2923 κατ
843 2851 1093 2925 ὀὐδὲν
1111 2850 1374 2945 Ἡρώδῃ
1401 2859 1494 2949 τῷ
1525 2852 1655 2946 πρὸ
1683 2858 1926 2925 ἑαυτου
1959 2861 2227 2942 βασιλει

236 2953 356 3027 τὸν
382 2953 636 3047 τρόπον
663 2957 1186 3048 συμφερόμενος.
1213 2961 1451 3053 ἐκείνω
1477 2985 1605 3048 γαρ
1626 2955 1926 3049 πονηρὸν
1949 2986 2035 3046 ην
2052 2948 2272 3046 ηθος

239 3061 347 3130 ἐπὶ
370 3057 753 3151 τιμωρίαν’
718 3059 1049 3150 απότομον
1075 3063 1185 3132 καὶ
1205 3059 1371 3131 κατὰ
1387 3088 1525 3147 των
1539 3058 2035 3151 ἀπηχθημένων
2060 3058 2219 3131 ἀτα-

240 3170 548 3251 μίευτον,
572 3160 843 3252 Ἕλλησι
869 3166 1075 3235 πλέον
1111 3158 1154 3255 ἢ
1187 3162 1529 3246 Ἰουδαίοις
1554 3171 1814 3244 οἰκείως
1857 3159 2091 3252 ἔχειν’
2060 3192 2216 3255 ομο-

153 3298 207 3340 30
242 3266 652 3355 λογούμενον
670 3289 685 3305 ·
741 3265 1144 3356 ἀλλοφύλων
1181 3258 1266 3355 γε’
1299 3295 1401 3339 τοι
1427 3268 1652 3348 πόλεις
1686 3270 2008 3356 ἐσέμνυνε
2036 3268 2220 3343 δόσει

241 3368 624 3459 χρημάτων,
653 3378 1030 3460 βαλανείων
1050 3374 1367 3463 Ιθεάτρων
1391 3399 1464 3442 τε
1488 3369 1721 3441 ἄλλοτε
1747 3388 2215 3466 κατασκευαῖς·

240 3474 427 3541 ’ἔστιν
451 3468 556 3554 αἶς
577 3472 784 3557 ναούς
809 3471 1160 3567 ἀνέστησε,
1186 3473 1381 3562 στοὰς
1405 3473 1655 3563 ἄλλαις.
1704 3471 1851 3563 ἀλλ’
1875 3472 2217 3550 Ἰουδαίων
