2500 3882
919 74 1676 152 ΕΠΤΑΚΑΙΔΕΚΑΤΗ
1841 98 1848 104 ·
2208 92 2289 155 99

285 275 477 352 λαος,
504 269 748 353 καίπερ
776 267 1016 343 δεινῶς
1043 265 1276 352 φέρων
1287 261 1424 353 Ὦτὴν
1451 258 1668 355 ὁρμὴν
1694 259 1954 352 αὐτῶν,
1982 265 2284 353 ἐπένευε,

284 375 458 457 ἔχων
483 365 607 457 τὴν
637 368 746 437 ἐπὶ
778 360 1024 455 Ῥώμης
1062 360 1228 436 ὁδὸν
1253 361 1602 460 ἀνύεσθαι.
1628 370 2074 458 προκειμένην
2101 365 2287 463 αὐτῷ

283 470 476 560 τάχος
503 471 615 541 ἐπὶ
632 468 1119 566 Δαιςερισκοπήσει
1145 469 1653 554 τώνδοξάντων
1670 477 1981 562 Καίσαρι.
2020 472 2283 561 πέμψας

244 638 253 646 .
285 575 362 645 δὲ
386 571 507 645 τὸν
532 570 905 703 στρατηγὸν
940 581 1181 642 πειθοῖ
1198 575 1493 662 χρῆσθαι
1521 575 1866 660 ἐκέλευεν,
1914 570 2003 655 ως
2026 579 2144 665 τῆς
2169 577 2281 645 ἐπὶ
2307 569 2317 577 ’

231 705 260 745 ο
285 676 609 757 τοιούτοις
635 683 957 766 τιμωρίας
982 672 1397 768 ἀποστάντας
1424 691 1703 747 σκοπεῖν
1726 675 2030 747 θάνατόν
2055 705 2128 748 τε
2142 729 2165 765 ,
2205 673 2278 761 ὃς

283 795 422 860 τοῖς
448 786 670 877 φίλοις
696 775 924 849 αὐτῶν
956 781 1304 865 συνέλθοι,
1331 776 1498 866 μετὰ
1522 779 1753 870 νόμων
1777 780 2135 868 γεγονότα,
2163 783 2277 851 καὶ

280 910 397 964 τας
423 881 714 972 αἰτήσεις
742 877 830 963 ὥς
854 883 964 951 ἐπὶ
983 883 1155 982 μέγα
1180 886 1304 951 τοῦ
1328 876 1629 973 ὑβρίζειν
1657 890 1993 972 προΐοιεν,
2022 884 2177 964 τούς
2201 912 2276 954 τε

279 982 556 1077 καιροὺς
581 980 707 1055 οὐκ
735 988 811 1057 ἐν
835 990 1127 1055 τοιοῖσδε
1163 983 1337 1064 εἶναι
1352 1035 1373 1071 ,
1402 990 1658 1074 μᾶλλον
1685 985 1759 1055 δὲ
1785 990 1918 1055 τοῦ
1941 980 2271 1076 ὁμονοεῖν,

280 1093 408 1170 ἕως
433 1078 1007 1178 καταστησάμενος
1040 1085 1167 1178 τὴν
1205 1083 1419 1178 ἀρχὴν
1446 1088 1823 1159 ἐπινεύσει
1825 1093 1909 1178 τῇ
1936 1096 2275 1194 Καίσαρος

148 1187 161 1197 ’
196 1219 245 1261 ιο
279 1189 588 1281 ἀφίκοιτο
630 1187 718 1272 ὥς
756 1186 1033 1272 αὐτούς·
1098 1189 1247 1260 τότε
1287 1188 1414 1282 γὰρ
1452 1198 1644 1282 κοινῇ
1684 1187 2081 1281 βουλεύσειν
2118 1196 2274 1319 περὶ

280 1321 379 1367 ων
407 1293 659 1379 ἀξιοῖεν
684 1292 816 1366 συν
841 1291 1098 1382 αὐτοῖς,
1125 1291 1278 1383 ἄρτι
1307 1294 1383 1363 δὲ
1409 1290 1706 1384 ἀνέχειν,
1736 1294 1826 1385 μὴ
1854 1297 1968 1365 καὶ
1996 1296 2267 1366 στασια-

274 1408 414 1484 ζειν
447 1405 733 1469 δοκοῖεν

431 1498 610 1572 καὶ
586 1530 633 1572 ο
611 1499 778 1590 μὲν
803 1481 1014 1571 ταῦτα
1052 1527 1366 1572 υπειπων
1394 1504 1507 1571 καὶ
1543 1499 1814 1585 διδάξας
1841 1498 1961 1572 τὸν
1987 1521 2267 1592 στρατη·
2298 1518 2332 1571 2

258 1605 400 1694 γὰν
414 1607 750 1693 ἐκπέμπει
780 1602 945 1693 πρὸς
972 1601 1246 1686 αὐτούς·
1287 1612 1355 1675 οἳ
1380 1604 1456 1675 δὲ
1479 1610 1769 1694 βοῶντες
1795 1607 2018 1693 λέγειν
2041 1632 2115 1674 τε
2142 1603 2267 1675 οὐκ

76 1775 85 1782 κ
190 1737 240 1779 15
275 1720 470 1797 εἴων,
520 1710 636 1777 καὶ
682 1714 777 1788 εἰς
827 1713 1156 1779 κίνδυνον
1193 1711 1315 1777 τοῦ
1336 1705 1826 1832 ἀπολουμένου
1883 1708 2147 1779 ἐκεῖνόν
2192 1738 2264 1779 τε
2357 1773 2362 1777 .

268 1821 689 1905 καθίστασαν
724 1814 838 1881 καὶ
875 1816 1015 1881 τών
1053 1808 1279 1881 αλλων
1330 1808 1511 1892 ὅστις
1548 1839 1625 1899 γε
1665 1813 1775 1882 ἐπὶ
1812 1818 2264 1907 σωφρονισμῷ
2381 1843 2386 1849 ·

267 1918 384 1986 καὶ
431 1913 777 2007 ἀποτροπῇ
844 1919 999 1989 τών
1023 1919 1353 1993 τοιῶνδε
1380 1911 1784 2006 ὀριγνᾶσθαι
1842 1914 2261 2005 [τολμήσειν]

269 2021 697 2107 φθέγξασθαι
725 2015 1016 2109 φανερὸς
1040 2010 1163 2108 ἦν,
1191 2016 1308 2088 διὰ
1332 2016 1407 2090 τὸ
1432 2017 1650 2088 πάντα
1676 2017 1993 2107 βουλήσει
2029 2025 2112 2110 τῇ
2138 2048 2259 2089 αυ-
2339 2032 2348 2039 “

269 2127 409 2192 τών
449 2127 704 2210 μᾶλλον
753 2115 796 2210 ἢ
849 2124 1115 2215 ἐξουσία
1152 2126 1291 2191 τῶν
1350 2120 1810 2210 ἐφεστηκότων
1863 2137 2259 2211 συγχωρεῖν,

180 2256 244 2306 2⁰,
274 2223 506 2297 δεινὸν
531 2219 893 2313 ἡγούμενοι
923 2229 987 2292 εἰ
1006 2224 1246 2309 ζῶντός
1270 2251 1345 2294 τε
1364 2220 1682 2315 Ἡρώδου
1697 2234 2089 2315 στερηθεῖεν
2123 2229 2261 2295 τών

267 2329 641 2419 φιλτάτων,
684 2329 798 2397 καὶ
822 2332 1135 2417 τελευτῆς
1148 2325 1342 2422 ἀὐτῷ
1368 2330 1731 2417 γενομένης
1756 2331 2095 2417 τιμωριῶν
2120 2332 2258 2397 τῶν

264 2430 375 2503 ἐπ’
412 2428 677 2518 αὐτοῖς,
721 2426 1096 2522 ὠργηκότες
1133 2446 1277 2512 ταῖς
1320 2430 1651 2520 γνώμαις,
1700 2427 2104 2516 κωλύοιντο,
2143 2431 2257 2500 καὶ
2313 2462 2316 2467 ·

262 2534 549 2624 νόμιμόν
573 2562 646 2604 τε
672 2536 781 2604 καὶ
814 2541 1078 2605 δίκαιον
1104 2529 1466 2624 ἡγούμενοι
1501 2562 1537 2603 ο
1569 2562 1633 2602 τι
1659 2531 1973 2623 μελλήσοι
1999 2529 2255 2623 ἡδονὴν

238 2634 489 2717 αὐτοῖς
517 2640 786 2728 φέρειν,
823 2633 1154 2707 κίνδυνόν
1190 2665 1265 2708 τε
1308 2635 1428 2708 τὸν
1455 2633 1573 2707 ἀπ’
1606 2634 1814 2706 αὐτοῦ
1852 2639 2253 2762 προϊδέσθαι

172 2766 229 2810 2⁶
262 2769 337 2812 τε
373 2738 689 2830 ἀμαθεῖς,
729 2742 841 2830 καὶ
881 2749 950 2810 εἴ
980 2769 1073 2810 τω
1113 2734 1616 2830 υποπτευθείη,
1659 2735 2036 2830 ὑπερβολῆς
2072 2735 2254 2834 αυτῷ

259 2846 626 2935 γενομένης
650 2847 766 2932 τῆς
790 2870 1186 2934 παραχρημα
1223 2840 1468 2934 ἡδονῆς
1495 2847 1569 2913 ἐκ
1594 2848 1715 2913 τοῦ
1744 2837 2253 2932 τιμωρήσασθαι

256 2977 416 3030 τους
442 2951 794 3036 ἐχθίστους
836 2951 1201 3026 δοκοῦντας
1234 2943 1481 3027 αὐτοῖς.
1528 2950 1797 3018 πολλῶν
1832 2940 1972 3015 δὲ’
1934 2941 2067 3014 υπὸ
2099 2941 2249 3031 Ἀρ-

256 3051 504 3142 χελάου
532 3052 978 3140 πεμπομένων
1005 3057 1075 3120 οἳ
1099 3053 1505 3134 διαλέξοιντο
1534 3046 1797 3137 αὐτοῖς,
1825 3053 1977 3121 ,τών
2016 3045 2094 3116 δὲ
2128 3044 2252 3135 οὐχ

260 3183 350 3235 ως
377 3151 498 3225 ὑπ’
532 3157 797 3233 ἐκείνου
820 3152 1053 3243 γνώμη
1078 3153 1154 3222 δὲ
1176 3158 1259 3243 τῇ
1285 3148 1511 3223 αυτών
1541 3158 1816 3238 [δοκεῖν]
1836 3150 2246 3247 παριόντων,

176 3277 231 3319 ³⁰
258 3283 438 3337 οπως
463 3263 558 3339 εἰς
584 3257 661 3328 τὸ
685 3255 1065 3349 πραΰτερον
1091 3256 1611 3345 καταστήσονται
1639 3252 1916 3340 αυτούς,
1968 3250 2248 3333 οὐδενὸς

257 3356 601 3449 ηνείχοντο
631 3367 867 3433 εἰπεῖν.
897 3358 1258 3441 ἀνάστασίς
1280 3387 1353 3429 τε
1381 3348 1467 3447 ἦν
1488 3354 1695 3489 λίαν’
1666 3361 1832 3447 οργῇ
1858 3359 2244 3445 χρωμένων,

1859 3471 1894 3529 7
1913 3469 1944 3511 ιιι
