2500 3882
1051 134 1528 196 ΕΝΔΕΚΑΤΗ
2243 138 2280 196 7

267 307 658 399 “συγγενής
682 304 826 397 μου’
829 302 1048 397 ’ἔφη’
1050 303 1542 434 ’κληθησεταιῗ
1604 307 1848 390 ταύτας
1881 308 2275 397 ἐπαγγειλά-

281 441 485 504 μενος
520 409 749 492 αὐτοῖς
773 414 1089 501 παρέξειν
1123 410 1242 493 τὰς
1269 410 1527 538 δωρεὰς
1554 414 1765 506 ἐρωτᾷ
1790 411 1916 501 μὲν
1939 410 2059 483 τὸν
2093 417 2275 503 πρῶ·

285 545 408 587 τον
441 522 507 587 εἰ
541 511 579 587 6
607 514 789 596 οἶνος
824 508 1213 605 ὑπερισχύει
1230 566 1252 601 ,
1292 501 1413 585 τόν
1441 515 1761 608 δεύτερον
1787 514 1862 586 δὲ
1910 521 1974 586 εί
1996 520 2064 585 oc
2084 523 2281 604 βασι-

287 629 465 706 λεις,
490 617 613 689 τὸν
647 625 877 706 τρίτον
917 617 992 688 δε
1018 625 1083 688 εί
1108 623 1200 688 αἱ-
1212 634 1561 715 γυναῖκες,
1588 614 1631 710 ἢ
1669 618 1931 691 τούτων
1954 624 2212 708 μᾶλλον
2243 614 2287 710 ἦ

233 746 264 783 ⁵
297 720 605 811 ἀλήθεια.
660 726 870 791 ταῦτα
908 723 1191 811 προθεὶς
1227 718 1455 803 αὐτοῖς
1496 730 1714 812 ζητεῖν
1746 717 2100 813 ἡσύχασεν.
2165 718 2282 810 ὄρ-

304 836 479 916 θρου
500 825 575 895 δὲ
599 823 1197 913 μεταπεμψάμενος
1217 822 1372 906 τοὺς
1389 831 1788 915 μεγιστᾶνας
1810 827 1924 895 καὶ
1948 822 2287 914 σατράπας

303 930 413 998 καὶ
438 927 807 1018 τοπάρχους
838 933 955 1016 τῆς
980 934 1314 1019 Περσίδος
1338 930 1452 998 καὶ
1484 934 1833 1018 Μηδικῆς,
1859 929 1973 998 καὶ
1999 934 2288 1009 καθίσας

298 1033 374 1100 ἐν
416 1061 470 1125 ω
505 1038 927 1123 χρηματίζειν
966 1031 1195 1101 εἰώθει
1233 1030 1456 1125 τόπω,
1506 1038 1645 1102 τῶν
1696 1031 2290 1121 σωματοφυλάκων

297 1136 583 1204 ἕκαστον
611 1136 917 1204 ἐκέλευσε
949 1134 1222 1205 πάντων
1243 1131 1637 1206 ἀκουόντων
1672 1131 2174 1224 ἀποφαίνεσθαι
2214 1132 2289 1203 τὸ

216 1269 266 1310 ιο
302 1241 553 1307 δοκοῦν
577 1233 762 1331 αὐτω
787 1238 939 1327 περὶ
964 1263 1100 1306 των
1127 1241 1608 1328 προκειμένων.

455 1336 622 1408 καὶ“
592 1366 628 1409 ο
657 1366 917 1430 πρωτος
942 1336 1181 1430 ηρξατο
1211 1343 1438 1428 λέγειν
1464 1338 1590 1429 τὴν
1610 1341 1732 1409 τοῦ
1757 1347 1949 1407 οἴνου
1976 1337 2286 1427 δύναμιν,
2318 1356 2354 1409 3

299 1439 515 1524 οὕτως
543 1439 756 1532 αὐτὴν
779 1445 1180 1532 ἐμφανίζων.
1227 1439 1546 1534 “ἂ’νδρες”
1577 1438 1707 1532 γὰρ
1737 1438 1943 1527 εἶπεν,
1967 1435 2144 1529 “ἐγω
2170 1439 2295 1531 τὴν

302 1544 501 1635 ἰσχὺν
542 1550 663 1616 τοῦ
694 1555 887 1616 οἴνου
925 1545 1441 1636 τεκμαιρόμενος
1472 1545 1687 1617 πάντα
1731 1539 2293 1635 ὑπερβάλλουσαν

192 1641 199 1668 ¹
302 1645 596 1739 εὑρίσκω
633 1647 844 1743 τούτω
882 1655 976 1742 τῷ
1003 1649 1248 1744 τρόπω.
1306 1649 1590 1739 σφάλλει
1615 1675 1686 1719 τε
1727 1646 1855 1739 γὰρ
1889 1653 2027 1722 τῶν
2053 1648 2289 1719 πινόν-

210 1784 267 1826 15
300 1779 442 1821 των
480 1747 687 1821 αὐτὸν
714 1752 829 1821 καὶ
864 1747 1084 1846 ἀπατᾷ
1118 1751 1243 1842 τὴν
1284 1752 1623 1840 διάνοιαν,
1661 1753 1774 1821 καὶ
1799 1748 1923 1841 τὴν
1948 1758 2069 1822 τοῦ
2097 1760 2288 1841 βασι-

299 1857 470 1934 λέως
506 1858 591 1944 τῇ
627 1859 751 1924 τοῦ
787 1852 1092 1946 ὀρφανοῦ
1129 1857 1243 1925 καὶ
1290 1859 1613 1946 δεομένου
1649 1853 2013 1947 κηδεμόνος
2056 1849 2294 1945 ὁμοίαν
2403 1882 2420 1961 Ἰ

298 1966 535 2047 τίθησι
555 2009 575 2043 ,
605 1960 719 2027 καὶ
753 1956 879 2049 τὴν
916 1964 1039 2029 τοῦ
1082 1959 1333 2030 δούλου
1365 1966 1681 2051 διεγείρει
1712 1957 1876 2050 πρὸς
1915 1967 2295 2050 παρρησίαν

302 2066 427 2131 τοῦ
454 2064 854 2153 ἐλευθέρου,
896 2057 941 2151 ἦ
965 2090 1039 2132 τε
1065 2067 1187 2132 τοῦ
1226 2066 1509 2152 πένητος
1547 2060 1741 2152 ὁμοία
1772 2069 2027 2150 γίνεται
2065 2068 2147 2151 τῇ
2173 2066 2295 2131 τοῦ

310 2170 654 2233 πλουσίου.
707 2181 1049 2253 μεταποιεῖ
1088 2162 1218 2253 γὰρ
1254 2167 1368 2233 καὶ
1406 2169 1785 2296 μεταγεννᾷ
1820 2161 1937 2243 τὰς
1975 2162 2190 2251 ψυχὰς
2221 2165 2297 2232 ἐν

210 2291 274 2331 20
304 2263 541 2347 αὐταῖς
567 2264 1019 2355 ἐγγενόμενος,
1047 2269 1159 2336 καὶ
1185 2295 1326 2338 των
1352 2268 1478 2357 μεν
1513 2270 1587 2336 ἐν
1612 2270 1931 2358 συμφορᾷ
1958 2277 2291 2354 καθεστη-

144 2362 151 2367 ’
296 2370 520 2441 κότων
557 2366 881 2458 σβέννυσι
907 2367 980 2440 τὸ
1020 2376 1317 2457 λυποῦν,
1361 2398 1517 2450 τους
1544 2371 1620 2440 δὲ
1646 2366 1962 2460 ἀλλότρια
1986 2372 2145 2462 χρέα
2172 2379 2290 2440 λα-

298 2473 546 2563 βόντας
570 2478 666 2553 εἰς
687 2471 913 2561 ληθην
949 2470 1131 2561 ἄγει,
1172 2475 1284 2542 καὶ
1322 2489 1501 2544 ποιεῖ
1542 2479 1771 2544 δοκειν
1803 2500 2048 2554 αυτους
2075 2470 2291 2543 ἀπάν-

297 2604 439 2647 των
465 2574 1040 2662 πλουσιωτάτους,
1073 2605 1162 2658 ως
1186 2577 1400 2666 μηδὲν
1426 2577 1551 2667 μὲν
1578 2574 1819 2667 μικρὸν
1841 2580 2291 2665 φθέγγεσθαι,

302 2678 653 2749 ταλάντων
679 2679 757 2749 δὲ
785 2684 1168 2769 μεμνῆσθαι
1196 2682 1308 2750 καὶ
1334 2686 1471 2750 τῶν
1497 2696 1634 2762 τοῖς
1664 2676 2011 2769 εὐδαίμοσι
2041 2701 2291 2768 προση-

217 2806 276 2849 25
308 2781 568 2851 κόντων
604 2777 971 2871 ὀνομάτων.
1025 2788 1118 2851 ἔτι
1155 2810 1233 2871 γε
1260 2781 1393 2873 μὴν
1418 2789 1807 2874 στρατηγῶν
1830 2784 1943 2851 καὶ
1965 2782 2299 2870 βασιλέων

296 2882 755 2987 ἀναισθήτους
772 2881 1227 2974 ἀπεργάζεται,
1255 2888 1367 2956 καὶ
1387 2893 1610 2975 φίλων
1636 2888 1748 2955 καὶ
1768 2883 2098 2971 συνήθων
2123 2886 2294 2967 ἐξαι-

297 3004 409 3080 ρεῖ
429 2988 736 3078 μνήμην·
774 2982 1026 3072 ὁπλίζει
1052 2986 1182 3078 γὰρ
1207 3014 1363 3070 τους
1390 2986 1797 3079 ἀνθρώπους
1825 2988 1938 3056 καὶ
1970 2984 2137 3056 κατὰ
2161 3016 2297 3059 των

295 3089 665 3181 φιλτάτων,
691 3091 806 3159 καὶ
831 3096 1057 3162 δοκεῖν
1079 3107 1261 3162 ποιει
1277 3092 1547 3162 πάντων
1572 3089 2156 3176 ἀλλοτριωτάτους.
2184 3096 2298 3163 καὶ

293 3222 463 3265 οταν
486 3192 825 3283 νήψαντες
851 3194 1097 3282 τυχωσι
1123 3196 1237 3264 καὶ
1264 3202 1594 3283 καταλίπῃ
1629 3190 1741 3262 διὰ
1765 3198 1880 3282 τῆς
1907 3193 2148 3274 νυκτὸς
2174 3191 2296 3263 αὐ-

216 3322 265 3365 ³0
293 3295 457 3378 τοὺς
484 3292 522 3368 6
545 3295 727 3376 οἶνος
747 3300 1224 3393 κοιμωμένους,
1254 3295 1639 3367 ἀνίστανται
1658 3292 1869 3386 μηδὲν
1889 3286 1990 3367 ὦν
2005 3300 2300 3385 ἔπραξαν

299 3397 485 3491 παρὰ
509 3397 637 3489 τὴν
659 3402 885 3490 μέθην
909 3400 1175 3481 εἰδότες.
1215 3399 1476 3479 τούτοις
1496 3396 1625 3485 ἐγω
1644 3399 2162 3488 τεκμαιρόμενος
2185 3393 2297 3465 εὖ·

298 3513 516 3594 ρίσκω
530 3501 652 3573 τὸν
668 3502 859 3575 οἶνον
874 3498 1427 3596 ὑπερκράτοῦντα
1453 3501 1724 3575 πάντων
1741 3505 1852 3572 καὶ
1866 3493 2295 3589 βιαιότατον.”
