2500 3882
179 205 219 264 6
812 183 820 192 '
853 173 1504 273 ΑΡΧΑΙΟΛΟΓΙΑΣ

179 345 521 465 βασιλείας
544 379 682 445 τῶν
708 377 997 465 Περσῶν
1031 369 1136 443 ἐπ’
1182 367 1353 442 ἄλλα
1382 376 1495 461 ἔτη
1530 373 1756 443 ἐννέα·
1804 372 2174 500 Καμβύσης

180 479 308 569 γὰρ
337 480 406 560 ἓξ
433 482 546 568 ἔτη
572 476 994 568 βασιλεύσας,
1024 474 1666 570 καταστρεψάμενος
1668 477 1744 544 ἐν
1766 475 2028 558 τούτοις
2047 476 2176 596 τὴν

102 625 108 632 ·
181 593 534 670 Αἴγυπτον
550 631 570 668 ,
598 578 1020 671 ὑποστρέψας
1042 579 1476 669 ἐτελεύτησεν
1504 581 1578 648 ἐν
1601 577 1992 674 Δαμασκωί

111 700 161 762 3·
334 683 513 774 μετόὶ
537 684 611 754 δὲ
649 681 777 773 τὴν
817 690 956 753 τῶν
994 682 1264 770 Μάγων
1297 679 1679 772 αναίρεσιν,
1725 688 1793 751 οἳ
1841 679 2004 772 μετὰ
2055 681 2175 753 τὸν

91 853 94 854 ⁷
181 787 553 878 Καμβύσου
589 786 891 857 θανατον
926 784 1053 875 τὴν
1087 790 1375 877 Περσῶν
1418 781 1631 875 ἀρχὴν
1658 786 1943 880 ἐνιαυτῷ
1979 788 2172 856 κατέ·
2208 815 2238 854 5

183 906 377 980 σχον,
425 895 495 961 οἰ
523 887 872 979 λεγόμενοι
917 886 1080 959 ἑπτὰ
1121 887 1291 959 οἶκοι
1331 892 1469 968 τῶν
1492 892 1783 978 Περσῶν
1806 885 1926 958 τὸν
1944 883 2174 958 ’Υστά-

183 1009 359 1064 σπου
393 998 603 1062 παῖδα
628 1001 927 1083 Δαρεῖον
951 989 1311 1074 ἀπέδειξαν
1335 992 1632 1079 βασιλεα.
1687 981 1880 1072 οὗτος
1908 988 2184 1081 ίδιωτης

185 1092 284 1166 ω“ν
332 1092 579 1185 ηὔξατο
629 1100 722 1190 τῷ
772 1099 951 1189 θεω,
1002 1100 1065 1164 εί
1100 1095 1396 1182 γένοιτο
1416 1092 1730 1182 βασιλεύς
1749 1145 1768 1180 ,
1823 1120 2037 1164 παντα
2083 1120 2179 1163 τα
2269 1099 2273 1106 ’

183 1197 391 1287 σκεύη
422 1203 543 1268 τοῦ
578 1203 786 1323 θεοῦ,
827 1195 950 1269 οσα
975 1188 1065 1286 ἦν
1091 1203 1191 1269 ἔτι
1222 1199 1299 1267 ἐν
1333 1202 1731 1285 Βαβυλῶνι,
1761 1200 2049 1286 πέμψειν
2083 1194 2180 1277 εἷς

182 1300 306 1372 τὸν
336 1300 504 1372 ναὸν
542 1297 666 1371 τὸν
704 1304 780 1371 ἐν
815 1297 1314 1391 Ἱεροσολύμοις.
1376 1304 1568 1388 ἔτυχε
1596 1299 1673 1369 δὲ
1712 1296 1863 1369 κατ’
1910 1302 2175 1392 ἐκεῖνον
2217 1329 2269 1371 ιο

182 1403 304 1475 τὸν
337 1401 575 1495 καιρὸν
612 1400 1018 1493 ἀφικόμενος
1062 1401 1227 1495 πρὸς
1269 1412 1569 1493 Δαρεῖον
1605 1404 1671 1485 ἐξ
1700 1388 2181 1493 Ἱεροσολύμων

183 1505 682 1597 Ζοροβάβηλος,
724 1504 798 1586 ὃς
849 1511 987 1575 τῶν
1040 1505 1478 1595 αἰχμαλώτων
1520 1502 1865 1575 Ἰουδαίων
1908 1500 2181 1595 ἡγεμὼν

187 1608 621 1679 ἀπεδέδεικτο
638 1629 655 1643 ·
699 1607 901 1679 πάλαι
936 1605 1064 1699 γαρ
1092 1600 1178 1698 ἦν
1208 1604 1394 1703 αὐτῷ
1417 1615 1611 1697 φιλία
1639 1605 1802 1699 πρὸς
1830 1605 1950 1678 τὸν
1983 1616 2176 1702 βασιό

186 1716 338 1798 λέα,
379 1708 469 1781 δι’
507 1708 594 1801 ἣν
620 1713 732 1781 καὶ
749 1679 1360 1800 σωματοφυλακεῖύ
1388 1708 1598 1781 αυτὸν
1624 1708 1765 1800 μετ’
1797 1708 2024 1781 αλλων
2054 1711 2182 1781 δύο

123 1834 157 1885 2
187 1815 449 1902 κριθεὶς
488 1812 667 1896 ἄξιος
699 1810 1036 1885 απέλαυεν
1061 1804 1142 1919 ἧς
1167 1812 1407 1904 ’ἤλπισε
1432 1819 1644 1903 τιμῆς
1707 1818 1801 1883 τῶ
1832 1814 1907 1884 δὲ
1936 1840 2179 1907 πρωτω
2218 1842 2274 1883 15

187 1921 304 2007 τῆς
345 1924 686 2006 βασιλείας
739 1922 873 1988 ἔτει
928 1926 1218 2040 Δαρεῖος
1250 1912 1646 2027 υποδέχεται
1697 1922 2017 2043 λαμπρως
2067 1916 2192 1986 καὶ

188 2018 353 2110 μετὰ
396 2025 644 2110 πολλῆς
679 2024 1105 2113 παρασκευῆς
1135 2018 1292 2102 τούς
1330 2048 1403 2089 τε
1441 2022 1595 2112 περὶ
1638 2016 1845 2090 αὐτὸν
1880 2021 1993 2107 καὶ
2023 2014 2180 2100 τούς

187 2134 360 2194 οἴκοι
386 2123 742 2237 γεγονότας
768 2125 881 2193 καὶ
909 2151 1066 2203 τους
1090 2150 1228 2193 των
1249 2122 1519 2213 Μήδων
1549 2119 1880 2212 ἡγεμόνας
1905 2100 2017 2192 καὶ
2056 2143 2176 2191 σα

185 2251 441 2318 τραπας
460 2253 599 2296 των
610 2224 913 2314 Περσων
933 2227 1044 2296 καὶ
1070 2251 1441 2312 τοπαρχους
1460 2230 1576 2314 τῆς
1594 2223 1935 2316 Ἰνδικῆς”
1893 2253 2043 2316 αχρι
2065 2229 2182 2313 τῆς

186 2335 586 2414 Αἰθιοπίας,
617 2330 731 2397 καὶ
764 2325 919 2408 τοὺς
944 2324 1352 2419 στρατηγοὺς
1386 2320 1797 2398 τῶνὲκατὸν
1825 2338 2035 2398 εἴκοσι
2063 2328 2178 2396 καὶ
2210 2350 2270 2390 20
2301 2324 2308 2335 '

189 2427 354 2499 ἑπτὰ
378 2436 821 2521 σατραπειῶν.
877 2431 1023 2518 ἐπεὶ
1067 2431 1143 2500 δὲ
1173 2431 1756 2519 κατευωχηθέντες
1796 2428 1947 2519 ἄχρι
1972 2428 2182 2521 κόρου

186 2534 302 2601 καὶ
343 2538 725 2622 πλησμονῆς
759 2531 1095 2603 ἀνέλυσαν
1132 2530 1698 2622 κοιμηθησόμενοι
1727 2530 1904 2631 παρ’
1957 2529 2187 2614 αὑτοῖς

188 2638 490 2721 εκαστοι,
518 2631 862 2724 Δαρεῖος
833 2664 868 2705 ο
896 2634 1210 2723 βασιλευς
1238 2633 1464 2705 ἐλθών
1503 2638 1613 2706 ἐπὶ
1640 2632 1765 2725 τὴν
1790 2642 2042 2726 κοίτην,
2067 2637 2185 2704 καὶ

187 2736 404 2828 βραχυ
430 2743 545 2828 τῆς
564 2735 808 2818 νυκτὸς
834 2735 1391 2827 αναπαυσαμενος
1406 2790 1426 2824 ,
1457 2739 1735 2821 ἔξυπνος
1760 2746 2040 2826 γίνεται,
2067 2739 2183 2807 καὶ

189 2843 422 2931 μηκέτι
448 2845 1024 2945 κατακοιμηθῆναι
1054 2840 1426 2930 δυναμενος
1453 2847 1548 2922 είς
1572 2836 1841 2931 ὁμιλίαν
1866 2843 2178 2933 τρέπεται
2212 2866 2302 2925 25,
2337 2872 2346 2875 “

90 3006 99 3015 ε
191 2970 354 3031 μετα
379 2973 517 3015 των
547 2972 756 3072 τριων
784 2945 1401 3033 σωματοφυλακων,
1429 2945 1554 3014 καὶ
1565 2971 1658 3013 τω
1683 2943 1886 3032 λόγον
1914 2947 2186 3035 ἐροῦντι

192 3037 432 3132 περὶ
379 3075 478 3117 ων
503 3044 703 3127 αὐτὸς
740 3041 1140 3137 ἀνακρίνειν
1174 3051 1401 3137 μέλλει
1444 3045 1565 3116 τὸν
1587 3015 2045 3138 οἷληθέστερον
2071 3048 2186 3116 καὶ

193 3146 682 3238 συνετωτερον,
712 3149 925 3243 τούτω
961 3152 1160 3237 γέρας
1191 3150 1439 3220 δώσειν
1464 3146 1883 3239 ὑπισχνεῖται
1908 3149 2183 3239 νικητήὲ·

194 3275 374 3336 ριον,
417 3250 776 3340 πορφύραν
816 3248 1232 3322 ἐνδύσασθαι
1264 3254 1378 3322 καὶ
1422 3255 1497 3323 ἐν
1535 3253 1879 3342 ἐκπώμασι
1913 3266 2187 3344 χρυσοῖς

193 3356 421 3419 πίνειν
457 3350 569 3418 καὶ
598 3353 730 3418 ἐπὶ
748 3361 1029 3441 χρυσίου
1057 3354 1487 3441 καθεύδειν,
1497 3352 1680 3438 καὶ““’
1636 3384 1814 3447 αρμα
1850 3353 2180 3482 χρυσόχα
2219 3389 2276 3430 ω

194 3460 387 3522 λινον
416 3451 528 3577 καὶ
559 3455 829 3540 κίδαριν
853 3463 1185 3544 βυσσίνην
1218 3458 1336 3526 καὶ
1375 3461 1847 3548 περιαυχένιον
1871 3457 2185 3550 χρύσεον,

194 3555 307 3621 καὶ
340 3546 484 3642 μετ’
525 3548 733 3621 αυτὸν
778 3557 954 3636 ἕξειν
990 3563 1355 3649 προεδρίαν
1409 3558 1522 3630 δια
1563 3559 1688 3652 τὴν
1737 3567 2021 3652 σοφίαν,
2071 3567 2192 3633 καί
