2500 3882
282 149 362 211 76
957 144 1609 206 ΑΡΧΑΙΟΛΟΓΙΛΣ

282 325 675 413 θαυμαστῆς
707 316 911 407 ὃῦσης
941 323 1056 408 τῆς
1090 325 1498 406 νομοθεσίας
1518 314 1744 398 οὐδεὶς
1763 313 1920 387 οῦτε
1943 320 2081 387 τῶν
2103 321 2287 386 ἱστο-

283 430 494 514 ρικῶν
517 421 723 514 αὐτῆς
742 419 899 492 οὔτε
925 428 1063 491 τῶν
1089 426 1387 511 ποιητῶν
1416 419 1828 515 ἐπεμνήσθη.
1879 416 1918 491 ὁ
1945 420 2020 490 δὲ
2041 419 2285 510 Δημή-

283 557 472 620 τριος
491 530 747 619 μηδένα
772 529 1093 617 τολμησαι
1119 552 1235 613 της
1275 529 1413 593 τῶν
1439 524 1669 614 νόμων
1691 524 1953 595 τούτων
1986 520 2290 612 ἄναγρα·

283 638 418 723 φῆς
444 630 749 716 ἅψασθαι
778 626 890 698 δια
910 626 983 697 τὰ
1010 634 1214 699 θείαν
1243 624 1457 716 αὐτὴν
1488 626 1659 699 εἶναι
1692 630 1805 697 καὶ
1833 624 2087 718 σεμνὴν
2114 634 2289 716 ἔφα-

284 722 439 824 σκε,
468 731 648 804 καὶ“
611 762 712 803 οτι
736 739 1061 823 βλαβεῖεν
1084 728 1217 820 ἤδη
1243 730 1424 811 τινες
1462 731 1720 812 τούτοις
1751 727 2293 821 ἐπιχειρήσαντες
2317 756 2345 798 5

284 837 418 910 ὑπὸ
460 843 584 909 τοῦ
623 841 829 922 θεοῦ,
882 839 1110 924 δηλων
1150 830 1264 914 ὥς
1282 833 1675 923 Θεόπομπος
1712 835 2079 925 βουληθεὶς
2108 839 2297 960 cavo:⁸

290 950 488 1034 ρῆσαι
528 941 684 1030 περὶ
726 936 984 1008 τούτων
1025 937 1365 1026 ἐταράχθη
1405 934 1532 1028 τὴν
1567 937 1877 1009 διάνοιαν
1915 944 2224 1008 πλείοσιν
2249 967 2297 1026 η

288 1045 645 1134 τριάκοντα
671 1037 968 1134 ἡμέραις,
996 1042 1110 1111 καὶ
1138 1037 1319 1128 παρᾶ
1344 1038 1461 1121 τὰς
1485 1038 1745 1122 ἀνέσεις
1773 1042 2149 1125 ἐξιλάσκετο
2173 1040 2301 1111 τὸν

287 1148 491 1235 θεόν,
550 1151 903 1218 ἐντεῦθεν·
936 1140 1120 1237 αὐτῷ
1185 1147 1509 1232 γενέσθαι
1568 1141 1694 1233 τὴν
1760 1143 2304 1235 παραφροσύνην

290 1248 637 1323 ὑπονοῶν·
692 1246 775 1320 ού
801 1246 937 1339 μὴν
976 1245 1147 1317 ἀλλὰ
1170 1249 1286 1317 καὶ
1327 1244 1494 1337 ὄναρ
1542 1247 1726 1319 εἶδεν
1753 1243 1854 1318 ὅτι
1893 1245 2074 1317 τοῦτ’
2109 1246 2300 1343 αὐτῷ
2339 1277 2388 1318 ιο
2445 1268 2448 1279 ·

292 1363 590 1447 συμβαίη
635 1354 1210 1446 περιεργαζομένῳ
1259 1347 1344 1420 τὰ
1391 1361 1550 1422 θεῖα
1592 1353 1702 1421 καὶ
1746 1348 1936 1421 ταῦτ’
1982 1352 2304 1438 ἐκφέρειν

296 1465 390 1541 είς
440 1456 708 1537 κοινούς
760 1453 1167 1544 ἀνθρώπους
1219 1454 1626 1545 θελήσαντι,
1676 1456 1789 1524 καὶ
1840 1452 2302 1544 ἀποσχόμενος

292 1563 573 1647 κατέστη
623 1556 747 1649 τὴν
785 1556 1111 1628 διάνοιαν.
1167 1558 1414 1647 ἐδήλου
1458 1558 1533 1628 δὲ
1572 1559 1685 1627 καὶ
1725 1560 1880 1645 περὶ
1920 1561 2303 1629 Θεοδέκτου

289 1669 412 1736 τοῦ
438 1668 576 1733 τῶν
594 1667 993 1757 τραγῳδιῶν
1012 1667 1296 1748 ποιητοῦ
1322 1658 1789 1751 ἀναφέρεσθαι
1808 1658 1909 1732 ὅτι
1929 1664 2301 1752 βουληθεὶς

292 1774 370 1838 ἔν
417 1793 551 1836 τινι
596 1765 882 1856 δράματι
923 1768 1063 1834 τῶν
1099 1765 1175 1833 ἐν
1214 1769 1300 1853 τῇ
1355 1768 1503 1856 ίερᾷ
1544 1771 1759 1859 βίβλῳ
1805 1768 2300 1856 γεγραμμένων
2342 1794 2390 1838 n

290 1874 678 1962 μνησθῆναι
704 1866 818 1949 τὰς
840 1866 1034 1954 ὄψεις
1060 1874 1495 1956 γλαυκωθείη
1511 1918 1529 1954 ,
1556 1870 1669 1938 καὶ
1695 1866 2152 1961 συνιδῶντὴν
2187 1875 2297 1939 αί-

291 1971 878 2062 τίανᾶπαλλαγείη
896 1977 1017 2042 τοῦ
1036 1970 1324 2057 πάθους,
1353 1973 1946 2062 ἐξευμενισάμενος
1962 1970 2084 2043 τὸν
2104 1972 2299 2044 θεόν.

188 2092 259 2148 14
446 2071 858 2168 παραλαβών
897 2075 1206 2145 δὲταῦτα
1232 2070 1273 2145 ὅ
1313 2074 1631 2163 βασιλεὺς
1670 2075 1851 2167 παρὰ
1888 2082 2012 2147 τοῦ
2056 2087 2299 2166 Δημη-

292 2189 518 2272 τρίου,
572 2176 815 2260 καθὼς·
842 2184 1267 2270 προείρηται,
1324 2179 1796 2270 προσκυνήσας
1840 2178 2101 2266 αὐτοῖς,
2147 2182 2297 2251 ἐκέ·
2379 2249 2388 2264 ,

291 2294 492 2355 λευσε
526 2281 782 2373 πολλὴν
825 2291 1170 2352 ποιεῖσθαι
1207 2287 1346 2350 τῶν
1393 2288 1682 2370 βιβλίων
1715 2280 1840 2372 τὴν
1886 2285 2296 2372 ἐπιμέλειαν,
2336 2320 2393 2362 2⁰

288 2392 404 2457 ἵνα
444 2392 756 2474 διαμείνῃ
797 2390 1007 2454 ταῦτα
1048 2388 1366 2473 καθαρῶς
1385 2434 1404 2470 ,
1448 2385 1712 2466 τούςκτε
1759 2385 2302 2476 ἑρμηνεύσαντας

180 2523 183 2530 ·
210 2523 219 2534 ·
291 2488 704 2580 παρεκάλεσε
733 2492 1030 2576 συνεχῶς
1056 2484 1221 2576 πρὸς
1249 2481 1461 2557 αὑτὸν
1489 2491 1562 2558 ἐκ
1587 2494 1704 2577 τῆς
1721 2487 2049 2570 Ἰουδαιάς
2079 2514 2297 2580 παρα-

292 2598 606 2683 γίνεσθαι
624 2613 641 2629 ·
702 2594 901 2660 τοῦτο
937 2587 1065 2679 γὰρ
1115 2586 1343 2669 αὐτοῖς
1380 2592 1495 2659 καὶ
1531 2589 1697 2683 πρὸς
1725 2590 1926 2683 τιμὴν
1961 2590 2087 2683 τὴν
2133 2589 2299 2681 παρ’

251 2702 257 2706 ’
293 2693 506 2766 αὐτοῦ
540 2696 656 2765 καὶ
682 2690 849 2784 πρὸς
882 2691 999 2774 τὰς
1038 2689 1170 2762 ἀπὸ
1203 2697 1344 2762 τῶν
1384 2692 1629 2784 δώρων
1661 2691 1991 2785 ὠφελείας
2031 2705 2300 2765 λυσιτε-

295 2796 545 2889 λήσειν.
616 2803 750 2868 νῦν
791 2796 915 2887 μὲν
939 2794 1067 2886 γὰρ
1112 2794 1285 2866 εἶναι
1331 2800 1602 2868 δίκαιον
1639 2796 1886 2880 αὐτοὺς
1934 2802 2307 2888 ἐκπέμπειν
2336 2828 2400 2874 π

296 2909 561 2990 ἔλεγεν,
611 2904 930 2981 ἑκουσίως
975 2900 1053 2971 δὲ
1093 2896 1260 2991 πρὸς
1300 2897 1509 2971 αὐτὸν
1566 2901 1892 2983 ἐλθόντας
1941 2900 2306 2985 τεύξεσθαι

296 3004 572 3075 πάντων
609 3033 707 3075 ων
733 3033 775 3094 η
802 3030 875 3073 τε
918 3001 1149 3074 αὐτων
1175 3003 1313 3074 ἐστὶ
1348 3010 1555 3092 σοφία
1595 3010 1826 3075 δικαία
1849 3021 2081 3093 τνχεῖν
2109 3000 2300 3074 καὶτ
2263 3033 2306 3094 η

298 3111 565 3178 ἐκείνου
590 3106 1149 3234 μεγαλοφροσύνη
1179 3122 1550 3195 παρασχεῖν
1578 3108 1794 3198 ἱκανή.
1849 3107 1999 3179 τότε
2025 3108 2151 3197 μὲν
2176 3098 2310 3177 οῦν

302 3210 671 3299 ἐξέπεμψεν
707 3207 986 3298 αύτούς,
1027 3205 1189 3290 δους
1238 3207 1494 3302 ἑκαστῳ
1532 3208 1769 3292 στολας
1806 3207 2082 3306 ἀρίστας
2123 3225 2326 3300 τρεῖς

298 3313 410 3408 καὶ
435 3317 690 3401 χρυσοῦ
718 3313 1010 3383 τάλαντα
1040 3311 1166 3383 δύο
1194 3314 1309 3382 καὶ
1341 3280 1653 3385 κυλίκιον
1678 3314 2012 3385 ταλαντου
2038 3314 2152 3385 καὶ
2176 3311 2310 3404 τὴν
2354 3343 2430 3385 ao

295 3419 419 3485 τοῦ
449 3421 822 3501 συμποσίου
850 3414 1227 3505 στρωμνήν.
1285 3417 1630 3488 καὶταῦτα
1655 3417 1781 3506 μὲν
1809 3420 2093 3498 ἐκείνοις
2121 3422 2311 3505 ἔχειν

298 3514 712 3607 ἐδωρήσατο,
739 3542 832 3609 τῳ
863 3516 925 3586 δ’
958 3516 1259 3607 αρχιερεῖ
1270 3517 1633 3616 Ἐλεαζαρῳ
1662 3518 1756 3591 δι’
1789 3516 2017 3591 αὐτων
2045 3526 2312 3610 ἔπεμψε
