2500 3882
284 176 368 240 38
583 173 664 186 ““·
962 142 1619 239 ΑΡΧΑΙΟΛΟΓῙΑΣ

234 351 240 355 ”
282 336 558 419 ανωθεν
583 345 831 428 φίλους
874 337 1087 430 αύτῷ,
1136 340 1250 407 καὶ
1282 337 1501 407 πολλὰ
1534 339 1660 425 μὲν
1692 341 1845 424 περὶ
1886 334 2005 416 τὰς
2043 342 2308 424 βασιλι-

282 437 405 519 κάς
439 444 618 524 χείας
646 444 724 507 ἔν
754 464 826 506 τε
869 443 1252 526 πρεσβείαις
1287 439 1400 505 καὶ
1443 443 1889 525 συμβουλίαις
1927 433 2306 521 ὀνήσαντας

284 535 501 606 αὐτοῦ
540 536 660 606 τὸν
689 535 913 625 οἷκον,
954 534 1589 634 συμπαιδεύσαντας
1628 538 1703 606 δὲ
1735 535 2042 615 καὶτοὺς
2082 533 2300 619 υἱούς,

281 640 394 706 καὶ
415 644 484 706 τί
503 637 631 725 γὰρ
658 633 702 724 ἢ
730 661 1001 725 πρωτον
1024 643 1396 724 παρρησίας
1424 638 1639 706 τόπον
1674 633 2051 722 ἐσχηκότας,
2087 658 2305 721 παρῃ-

280 738 526 824 τήσατο
577 735 761 823 τότε,
812 733 935 804 τὸν
986 736 1111 822 μὲν
1164 733 1280 804 ὅτι
1328 737 1723 824 Δημήτριος
1779 731 1816 804 6
1869 748 2022 814 παῖς
2085 729 2302 801 αὐτοῦ
2334 762 2358 800 5

282 838 593 922 συνήθης
633 827 719 921 ἦν
757 831 1207 926 Ἀλεξάνδρῳ,
1252 837 1592 921 Γέμελλον
1626 834 1700 902 δὲ
1747 859 2002 903 ευνουν
2018 831 2307 900 ἐπιστά-

281 960 481 1021 μενος
520 935 779 1024 ἐκείνω·
841 930 1114 1021 καὶγὰρ
1154 935 1230 1000 ἐν
1261 943 1405 1012 ταῖς
1444 945 1725 1020 τροφαῖς
1753 934 1863 1000 καὶ
1902 937 1984 1022 τῇ
2024 933 2298 1018 παιδείᾳ

281 1033 765 1123 παραγεγόνει,
820 1034 934 1102 καὶ
972 1031 1096 1121 τὴν
1138 1035 1214 1102 ἐν
1252 1040 1333 1123 τῇ
1367 1030 1584 1122 Ῥώμῃ
1623 1035 2090 1120 συνδιέτριβεν
2133 1026 2305 1097 ἀπο-

281 1130 567 1232 δημίαν.
611 1131 1033 1223 παρῃτήσατο
1079 1131 1155 1201 δὲ
1197 1133 1311 1201 καὶ
1336 1131 1622 1212 τούτους
1650 1129 1865 1221 ἡδέως
1905 1132 2029 1218 μὲν
2069 1155 2181 1197 αν-
2195 1130 2307 1196 καὶ

280 1247 543 1321 χεῖρον,
585 1231 720 1303 υπό
755 1235 830 1302 δὲ
868 1239 994 1302 τοῦ
1022 1232 1112 1321 μὴ
1156 1231 1295 1301 κατ’
1327 1231 1600 1320 ἀνδρῶν
1637 1229 1766 1300 οὐκ
1800 1229 2080 1318 ἀσήμων
2124 1232 2302 1315 ἔχειν
2338 1255 2383 1296 ιο

280 1333 409 1422 τὴν
451 1361 606 1421 αχρι
658 1335 1005 1403 τοσούτων
1049 1339 1463 1422 παρρησίαν,
1508 1332 1648 1420 τήν
1688 1356 1769 1400 τε
1803 1330 2006 1418 τιμὴν
2053 1330 2168 1401 καὶ
2226 1327 2302 1397 τὰ

284 1432 630 1503 δύνασθαι
658 1433 952 1501 κωλύειν
989 1429 1459 1520 αμαρτάνοντα
1489 1429 2049 1517 παραιρούμενος.

450 1523 542 1618 ἦν
607 1530 683 1599 δὲ
740 1528 1004 1598 τούτων
1069 1527 1392 1599 ἁπάντων
1455 1537 1667 1610 αἴτιος
1712 1527 2173 1616 Ἀντίπατρος,
2230 1524 2331 1609 ὅς’

278 1629 511 1715 ἐπειδὴ
545 1628 621 1696 τὸ
653 1627 1022 1715 νενοσηκὸς
1063 1634 1182 1715 τῆς
1222 1629 1642 1714 τοῦπατρὸς
1676 1634 2060 1716 παρρησίας
2103 1630 2301 1695 κατέ-

278 1737 521 1815 μαθεν,
554 1731 833 1796 ἔκπαλαι
855 1727 1295 1815 συνεδρεύων
1325 1725 1511 1817 αὐτῷ
1538 1728 1952 1814 προσέκειτο,
1985 1728 2095 1794 καὶ
2126 1732 2297 1812 μάλ·
2335 1752 2383 1794 15

276 1836 401 1896 λον
447 1828 666 1897 ἐδόκει
708 1855 774 1896 τι
823 1836 1207 1916 περαίνειν,
1269 1832 1330 1895 εί
1372 1833 1511 1895 τῶν
1551 1823 1855 1913 ἀντέχειν
1899 1828 2304 1913 δυναμένων

280 1927 558 2007 ἕκαστος
587 1922 1083 2014 ὑπεξαιρεθείη.
1145 1927 1298 1995 τότε
1329 1931 1503 2013 γοῦν
1535 1931 1674 1994 τῶν
1704 1924 1857 2012 περὶ
1884 1921 2006 1994 τὸν
2020 1921 2305 2012 Ἀνδρό-

280 2052 496 2112 μαχον
527 2022 1008 2094 ἀπελαθέντων
1043 2024 1256 2112 λόγου
1293 2026 1405 2093 καὶ
1434 2028 1824 2113 παρρησίας,
1865 2029 2136 2109 πρῶτον
2176 2026 2305 2110 μὲν

280 2122 318 2193 ὁ
360 2124 700 2213 βασιλεύς,
740 2122 946 2205 ὅσους
978 2122 1146 2214 ᾧέτο
1180 2124 1462 2214 πιστοὺς
1495 2121 1931 2214 Ἀλεξάνδρῳ,
1978 2124 2306 2211 βασάνοις

280 2222 641 2309 ἀνέκρινεν
687 2230 754 2290 εἴ
775 2248 841 2290 τι
883 2219 1022 2290 κατ’
1069 2222 1287 2291 αὐτοῦ
1320 2223 1662 2309 τολμηθὲν
1693 2226 2046 2309 εἰδείησαν.
2113 2228 2185 2291 οἳ
2222 2222 2303 2290 δὲ
2334 2250 2386 2290 20

282 2320 724 2407 ἀπέθνησκον
767 2318 973 2390 οὐδὲν
1015 2327 1282 2408 ἔχοντες
1311 2323 1552 2408 λέγειν.
1636 2326 1729 2412 τῷ
1760 2317 1830 2389 ,δ’
1875 2313 1962 2407 ήν
1993 2328 2304 2408 φιλονει-

279 2427 431 2502 κίας
461 2428 705 2506 αἴτιον,
746 2425 810 2487 εἰ
833 2421 924 2505 μή
956 2445 1016 2486 τι
1054 2425 1368 2487 τοιοῦτον
1396 2414 1546 2487 οἷον
1573 2418 1832 2488 ε’νενόει
1859 2427 2082 2500 κακῶς
2107 2417 2304 2506 *eboc-r
2358 2475 2365 2484 ,

279 2538 548 2588 σκοιτο·
596 2519 709 2585 καὶ
739 2515 965 2597 δεινὸς
997 2495 1429 2603 Ἀντίπατρος
1473 2510 1562 2605 ἦν
1602 2515 1725 2588 τὸν
1735 2515 1880 2605 μὲν
1921 2514 2039 2586 ὑπ’
2089 2515 2306 2605 αὐτῆς

278 2624 399 2706 τῆς
425 2609 747 2703 ἀληθείας
776 2612 1083 2684 ἀναίτιον
1115 2621 1208 2697 εἰς
1242 2614 1637 2720 ἐγκράτειαν
1667 2617 1779 2684 καὶ
1803 2621 2028 2684 πίστιν
2054 2620 2304 2703 διαβα-

277 2725 444 2805 λεῖν,
489 2715 973 2802 ἐπιπαροξῦναι
1002 2718 1079 2783 δὲ
1109 2721 1327 2803 ζητεῖν
1360 2705 1435 2783 ἐκ
1465 2713 1801 2785 πλειόνων
1833 2712 1908 2783 τό
1942 2715 2302 2783 λανθάνον
2339 2738 2388 2779 25

277 2822 396 2904 τῆς
425 2815 915 2903 ἐπιχειρήσεως.
987 2822 1104 2883 καί
1138 2842 1240 2895 τις
1279 2817 1355 2883 ἐν
1396 2822 1668 2895 πολλοῖς
1697 2826 1836 2894 τοῖς
1861 2816 2303 2902 βασανιζομέ-

276 2943 423 2997 νοις
468 2913 667 2984 εἶπεν
684 2941 776 2995 ως
819 2919 1023 3039 εἰδείη
1066 2912 1188 3010 τὸν
1229 2915 1590 2984 νεανίσκον
1631 2916 1912 3000 λέγοντα
1954 2912 2308 2999 πολλάκις,

277 3015 392 3083 ὅτε
417 3013 903 3101 ἐπαινούμενος
937 3011 1141 3093 αὐτὸς
1169 3013 1362 3099 τύχοι
1396 3013 1474 3081 τό
1505 3037 1576 3079 τε
1593 3018 1798 3099 σωμα
1839 3038 1931 3091 ως
1962 3019 2064 3098 εἴη
2092 3012 2312 3098 μέγας

276 3117 389 3180 καὶ
439 3114 565 3200 τὴν
609 3112 883 3199 τοξικὴν
905 3111 1252 3230 ευστοχος
1296 3115 1408 3180 καὶ
1453 3105 1660 3181 τᾶλλα
1692 3138 1791 3179 τα
1832 3108 2002 3199 πρὸς
2049 3109 2310 3199 ἀρετὴν

276 3203 450 3292 ὑπερ
502 3208 833 3297 ἅπαντας,
899 3206 1003 3277 ότι
1063 3215 1275 3278 ταῦτα
1341 3206 1524 3301 αύτω
1581 3207 1753 3277 κακὰ
1800 3213 2059 3296 μᾶλλον
2115 3206 2301 3296 ἥπερ
2342 3238 2397 3281 so

280 3296 505 3379 ἀγαθὰ
538 3332 720 3393 παρα
764 3314 881 3394 τῆς
918 3306 1186 3393 φύσεως
1228 3312 1443 3376 ἐστίν·
1487 3307 1824 3393 άχθεσθαι
1841 3306 2005 3426 γάρ
2015 3305 2120 3377 ἐπ’
2169 3307 2310 3377 αύ-

279 3404 416 3470 τῡῖς
454 3400 575 3465 τὸν
613 3409 864 3492 πατέρα
908 3407 1020 3473 καὶ
1059 3415 1386 3491 φθονεῖν·
1433 3404 1637 3485 αὐτός
1675 3430 1785 3494 τε,
1835 3404 1948 3476 ὅτε
1992 3410 2117 3495 μὲν
2157 3406 2311 3496 ἅμα
