2500 3882
972 97 1460 158 ΔῼΔΕΚΑΤΗ
1783 151 1788 158 ,
2123 100 2202 162 93

205 278 341 341 τῶν
385 267 810 339 ἐπυνθάνετο
850 275 923 337 τί
953 271 1276 358 μέλλουσι
1319 268 1584 340 διδόναι
1628 277 1721 365 τῷ
1761 279 2029 360 βασιλεῖ
2065 278 2204 342 δῶέ
2251 303 2258 312 ’

207 402 331 460 ρον
376 375 454 442 έν
480 378 562 461 τῇ
609 378 729 440 τοῦ
779 369 1021 453 παιδὸς
1065 370 1281 443 αὐτοῦ
1326 380 1682 466 γενεθλίω.
1770 402 1906 444 των
1942 376 2016 445 δὲ
2043 375 2203 454 τοὺς

205 471 398 564 μὲν’
362 472 501 545 ανά
524 476 686 543 δέκα
713 461 1003 545 τάλαντα
1029 478 1299 564 μέλλειν
1327 474 1594 545 διδόναι
1622 456 2002 566 φησάντων,
2043 505 2201 558 τους

208 577 271 648 δ’
298 582 383 648 ἐν
417 575 572 668 ἀξία
616 575 784 646 κατὰ
813 574 885 646 τὸ
914 581 1202 667 μέγεθος
1227 586 1342 667 τῆς
1373 574 1607 659 οὐσίας
1633 583 1912 650 ἕκαστον
1951 578 2198 667 αὐτῶν,

147 705 175 741 ⁵
212 677 619 769 ὑπεκρίνετο
661 689 1027 762 λυπεῖσθαι
1080 679 1194 751 διὰ
1233 680 1310 750 τὸ
1348 680 1438 769 μὴ
1494 681 1835 752 δύνασθαι
1883 683 2201 806 τοιαύτην

208 798 691 870 προσενεγκεῖν
720 783 1015 872 δωρεάν·
1071 786 1278 854 πλέον
1316 781 1444 874 γὰρ
1473 780 1676 854 πέντε
1698 785 2045 855 ταλάντων
2074 783 2200 854 οὐκ

208 892 409 975 ἔχειν.
467 891 540 956 οἱ
558 885 633 955 δε
661 885 1075 974 θεράποντες
1113 882 1307 956 ταῦτ’
1343 883 1749 1013 ἀκούσαντες
1779 885 2201 978 ἀπήγγελλον

207 1004 348 1070 τοῖς
376 987 748 1069 δεσπόταις.
819 989 1192 1079 χαιρόντων
1233 986 1297 1058 δ’
1340 985 1568 1060 αὐτῶν,
1596 986 1684 1072 ὥς
1714 1002 2200 1080 καταγνωσθη-

209 1093 506 1180 σομένου
533 1098 656 1160 τοῦ
690 1086 1011 1179 Ἰωσήπου
1053 1094 1169 1161 καὶ
1207 1091 1788 1180 προσκρούσοντος
1822 1101 1912 1185 τῷ
1940 1101 2206 1182 βασιλει

124 1215 174 1254 ¹⁰
211 1193 323 1264 δια
351 1192 478 1282 τὴν
504 1193 881 1283 βραχύτητα
908 1201 1023 1283 τῆς
1052 1201 1340 1284 δωρεᾶς,
1378 1193 1696 1283 ἐνστάσης
1721 1201 1836 1284 τῆς
1865 1192 2110 1284 ἡμέρας
2138 1203 2203 1266 οἰ

203 1297 330 1386 μὲν
372 1294 565 1367 ἄλλοι
602 1299 1021 1385 προσέφερον
1063 1304 1155 1390 τῷ
1195 1305 1464 1386 βασιλεῖ
1484 1296 1773 1367 τάλαντα
1804 1303 1873 1367 οἱ
1895 1306 2051 1368 λίαν
2077 1326 2197 1386 με·-

202 1405 750 1489 γαλοδωρεῖσθαι
794 1407 1176 1489 νομίζοντες
1217 1395 1302 1469 ού
1345 1405 1554 1468 πλείω
1586 1409 1858 1487 εἴκοσιν,
1886 1396 1921 1469 ὃ
1953 1402 2026 1470 δὲ
2047 1398 2198 1489 ’Τρ-

204 1501 412 1584 κανὸς
457 1499 578 1584 οὓς
619 1499 921 1591 ωνήσατο
959 1508 1202 1584 παῖδας
1241 1500 1481 1572 ἑκατὸν
1522 1504 1636 1573 καὶ
1663 1506 2048 1595 παρθένους
2085 1531 2197 1573 το-

203 1605 457 1686 σαύτας
488 1602 618 1674 ἀνα
659 1605 986 1675 τάλαντον
1017 1606 1273 1698 ἑκάστῳ
1315 1607 1551 1695 φέρειν
1588 1604 1754 1688 δοὺς
1791 1607 2194 1696 προσήγαγε,

122 1730 169 1770 ¹5
203 1707 367 1789 τούς
393 1687 520 1797 μὲν
546 1736 638 1777 τω
666 1716 932 1797 βασιλεῖ
967 1736 1083 1789 τας
1112 1709 1187 1778 δὲ
1217 1715 1297 1798 τῇ
1328 1708 1742 1803 Κλεοπάτρα.
1819 1708 2092 1779 πάντων
2122 1712 2194 1779 δε

200 1810 710 1900 θαυμασάντων
729 1809 852 1899 τὴν
878 1837 1013 1902 παρ
1025 1809 1314 1881 ’ἐλπίδα
1340 1817 1477 1883 τῶν
1499 1812 1741 1901 δώρων
1761 1814 2197 1883 πολυτέλειαν

200 1917 486 1986 καὶτῶν
513 1916 845 2004 βασιλέων
871 1910 1137 2003 αὐτων,
1179 1916 1293 1985 καὶ
1335 1929 1473 1997 τοῖς
1514 1922 1737 2005 φίλοις
1775 1922 1873 1987 ἔτι
1910 1917 2024 1986 καὶ
2062 1931 2198 1996 τοῖς

201 2020 361 2106 περὶ
418 2016 544 2106 τὴν
594 2024 971 2106 θεραπείαν
1022 2025 1144 2088 τοῦ
1183 2020 1508 2107 βασιλέως
1548 2009 1702 2087 οὖσι
1742 2025 2009 2088 πολλῶν
2049 2016 2198 2101 ἀξια

200 2121 556 2192 ταλάντων
611 2126 795 2207 δῶρα
840 2125 1095 2191 ἔδωκεν
1150 2117 1239 2202 ὥς
1293 2125 1657 2207 διαφυγεῖν
1708 2117 1828 2188 τὸν
1869 2123 1936 2201 ἐξ
1970 2117 2200 2189 αὐτῶν

118 2250 171 2289 ‘20
203 2229 538 2295 κίνδυνον
556 2246 570 2260 ·
626 2223 882 2304 τούτοις
910 2221 1039 2314 γὰρ
1068 2221 1557 2314 ἐγεγράφεισαν
1583 2220 1795 2292 αὐτοῦ
1824 2227 1895 2293 οὗ
1916 2218 2199 2310 ἀδελφοὶ

200 2325 701 2415 διαχρήσασθαι
725 2323 1203 2415 τὸνῪρκανόν.
1282 2332 1694 2413 Πτολεμαῖος
1727 2325 1802 2394 δὲ
1835 2322 1959 2414 τὴν
1985 2354 2193 2414 μεγα-

198 2436 538 2518 λοψυχίαν
566 2425 984 2518 ἀγασάμενος
1006 2435 1130 2498 τοῦ
1157 2436 1546 2517 μειρακίου,
1596 2429 2040 2517 προσέταττεν
2068 2426 2196 2498 αύ-

199 2539 295 2625 τῷ
338 2529 605 2622 δωρεὰν
628 2528 717 2620 ἣν
746 2531 1060 2620 βούλεται
1086 2531 1506 2622 λαμβάνειν,
1553 2528 1594 2601 ὃ
1629 2529 1694 2601 δ’
1740 2528 1947 2621 οὐδὲν
1990 2536 2195 2602 πλέον

202 2633 494 2723 ἠξίωσεν
520 2630 705 2727 αύτῷ
733 2637 1055 2723 γενέσθαι
1083 2632 1244 2726 παρ’
1277 2632 1492 2705 αὐτοῦ
1522 2629 1570 2723 ἢ
1592 2634 1845 2723 γράψαι
1872 2642 1965 2727 τῷ
1995 2637 2197 2719 πατρὶ

116 2765 171 2806 25
206 2738 492 2817 καὶτοῖς
517 2734 837 2824 ἀδελφοῖς
876 2739 1028 2825 περὶ
1062 2733 1297 2808 αὐτοῦ.
1370 2737 1646 2826 τιμήσας
1682 2727 1810 2806 οὖν
1837 2732 2047 2805 αὐτὸν
2076 2765 2194 2823 φι-

197 2838 598 2929 λοτιμότατα
625 2843 738 2910 καὶ
767 2837 1022 2931 δωρεὰς
1049 2838 1214 2922 δοὺς
1241 2840 1574 2928 λαμπράς,
1617 2841 1730 2907 καὶ
1771 2845 1863 2929 τῷ
1898 2864 1969 2906 τε
1995 2842 2195 2959 πατρὶ

199 2944 464 3032 γράψας
491 2944 606 3012 καὶ
646 2958 781 3022 τοῖς
810 2939 1129 3030 ἀδελφοῖς
1170 2943 1285 3012 καὶ
1324 2947 1484 3012 πᾶσι
1524 2956 1664 3021 τοῖς
1704 2936 2026 3028 ἡγεμόσιν
2067 2938 2195 3008 αύ-

199 3053 323 3119 τοῦ
377 3046 495 3115 καὶ
553 3044 970 3135 ἐπιτρόποις,
1024 3046 1409 3134 ἐξέπεμψεν.
1506 3039 1915 3123 ἀκούσαντες
1988 3043 2062 3112 δὲ
2132 3050 2203 3112 οἱ

200 3146 492 3237 ἀδελφοὶ
536 3147 801 3218 τούτων
852 3147 1257 3236 τετυχηκότα
1309 3143 1427 3216 τόν
1468 3142 1795 3235 Ὑρκανὸν
1840 3170 2022 3235 παρα
2074 3154 2195 3215 τοῦ

123 3276 170 3319 ³⁰
200 3253 528 3339 βασιλέως
555 3252 669 3319 καὶ
694 3278 859 3374 μετα
884 3250 1174 3340 μεγάλης
1201 3248 1736 3339 ἐπανερχόμενον
1764 3254 1973 3336 τιμῆς,
2004 3251 2195 3338 ἐξῆλ-

200 3364 332 3424 θον
364 3351 911 3444 υπαντησόμενοι
947 3355 1059 3423 καὶ
1089 3358 1625 3443 διαφθεροῦντες
1654 3346 1894 3442 αὐτόν,
1933 3355 2045 3421 καὶ
2073 3359 2194 3420 τοῦ

205 3456 452 3549 πατρὸς
495 3457 779 3539 εἰδότος·
831 3453 1254 3548 ὀργιζόμενος
1292 3453 1420 3546 γὰρ
1459 3450 1642 3549 αύτῷ
1671 3455 1906 3541 ἕνεκεν
1932 3461 2069 3522 τῶν
2103 3460 2194 3530 εἰς
