2500 3882
210 80 328 143 136
750 33 755 34 f
869 79 1519 162 ΑΡΧΑῙοΛοΓΙΑΣ

210 246 336 342 ρον
374 248 681 341 ἀρχιερέα
717 257 856 321 τῶν
874 247 1221 323 Ἰουδαίων
1261 255 1373 324 καὶ
1404 260 1606 340 φίλον
1632 250 1793 341 ἐμὸν
1826 261 2204 326 καλεῖσθαι.

211 354 588 428 ἀπέσταλκα
626 357 706 424 δέ
743 375 852 424 σοι
888 356 999 424 καὶ
1029 356 1319 446 δωρεάς,
1371 354 1618 443 στολὴν
1669 362 2035 445 πορφυρᾶν
2086 358 2205 425 καὶ

214 460 550 547 στέφανον
575 456 885 547 χρύσεον,
918 460 1030 528 καὶ
1060 466 1427 547 παρακαλῶ
1456 460 1821 549 τιμηθέντα
1847 455 1978 548 ὑφ’
2009 454 2205 548 ἡμῶν
2249 475 2254 488 ’

212 588 445 651 ομοιον
479 568 792 648 γίνεσθαι
824 558 1039 656 περὶ“
1004 558 1227 651 ημᾶςῗ

120 686 172 741 -3
356 663 711 753 δεξάμενος
737 664 813 733 δὲ
841 662 964 752 τὴν
995 662 1352 753 ἐπιστολὴν
1385 661 1707 753 Ἰωνάθης
1720 662 2049 735 ἐνδύεται
2076 663 2237 753 μὲν
2239 695 2268 733 5

213 764 340 855 τὴν
380 764 850 857 ἀρχιερατικὴν
885 768 1163 857 στολήν,
1211 775 1328 856 τῆς
1369 773 1823 893 σκηνοπηγίας
1861 766 2201 856 ἐνστάσης,

212 868 378 960 μετὰ
407 877 518 958 ἔτη
547 872 831 982 τέσσαρα
862 864 904 960 ἢ
930 869 1051 941 τὸν
1082 868 1384 959 ἀδελφὸν
1413 867 1625 941 αὐτοῦ
1647 867 1907 940 Ἰούδαν
1934 867 2205 940 ἀποθα-

213 988 360 1043 νεῖν
389 974 531 1057 (καὶ
565 972 692 1061 γὰρ
715 957 900 1043 οὐδὲ
926 972 1094 1044 κατὰ
1139 981 1392 1051 τοῦτον
1419 971 1540 1043 τὸν
1574 973 1822 1062 χρόνον
1852 970 2206 1061 αρχιερεύς
2285 993 2298 1010 ‘

214 1103 313 1157 τις
341 1071 703 1164 ἐγεγόνει),
744 1058 1024 1165 συνάγει
1056 1078 1143 1147 δὲ
1180 1077 1473 1166 δύναμιν
1508 1073 1765 1164 πολλὴν
1802 1078 1917 1145 καὶ
1943 1083 2206 1164 πλῆθος

110 1262 114 1268 .
213 1174 441 1248 οπλων
468 1178 803 1266 ἐχάλκευε.
862 1167 1254 1270 Δημήτριον
1282 1180 1358 1250 δὲ
1384 1186 1591 1249 ταῦτα
1617 1179 1885 1269 σφόδρα
1912 1178 2205 1267 ἐλύπησε
2240 1208 2300 1249 ιο

212 1279 556 1370 μαθόντα,
594 1285 708 1352 καὶ
750 1289 866 1371 τῆς
905 1288 1322 1374 βραδυτῆτος
1362 1282 1604 1354 ἑαυτὸν
1644 1284 1956 1370 ἐποίησεν
1985 1286 2206 1351 αἰτιά-

213 1395 401 1471 σθαι,
432 1412 535 1483 οτι
566 1384 655 1474 μὴ
685 1383 1044 1477 προλαβων
1071 1383 1528 1513 Ἀλέξανδρον
1523 1382 1741 1465 αὐτὸς
1763 1388 2207 1474 ἐφιλανθρω-

213 1486 506 1556 πεῦσατο
541 1485 660 1557 τὸν
691 1485 1051 1582 Ἰωνάθην,
1095 1486 1246 1558 ἀλλ’
1297 1480 1559 1586 έκείνςο
1572 1495 1925 1560 καταλίποι
1963 1486 2208 1576 καιρὸν

178 1611 182 1616 ·
217 1595 312 1669 εἰς
349 1596 567 1660 τοῦτο.
623 1590 870 1681 γράφει
897 1595 1128 1680 μέντοι
1157 1594 1273 1660 καὶ
1312 1589 1518 1674 αὐτὸς
1559 1589 1915 1679 ἐπιστολὴν
1950 1599 2042 1684 τῷ
2063 1588 2207 1660 Ἰω-

217 1692 400 1781 νάθη
427 1694 540 1760 καὶ
567 1700 659 1786 τῷ
698 1693 886 1786 δήμῳ
931 1699 1273 1783 δηλοῦσαν
1312 1694 1490 1768 τάδε.
1568 1690 1929 1783 “βασιλεῦς
1951 1692 2208 1783 Δημή-
2247 1730 2301 1772 15

215 1821 397 1883 τριος
446 1762 731 1886 Ἰωνάθῃ
782 1798 895 1866 καὶ
948 1805 1053 1890 τῷ
1093 1803 1286 1867 ἔθνει
1335 1825 1472 1882 των
1522 1793 1870 1867 Ἰουδαίων
1921 1804 2206 1886 χαίρειν.

217 1894 447 1986 ἐπειδὴ
493 1898 923 1989 διετηρήσατε
957 1898 1081 1990 τὴν
1122 1898 1289 1990 πρὸς
1333 1896 1504 1990 ημᾶς
1542 1906 1775 1990 φιλίαν
1828 1902 1942 1971 καὶ
1968 1898 2211 2026 πειρά-
2323 1919 2334 1932 '

217 2021 419 2071 σασιν
433 1997 617 2132 ῦμᾶς
644 2019 780 2084 τοῖς
807 2006 990 2093 ἐμοῖς
1008 2008 1276 2094 ἐχθροῖς
1311 2001 1394 2073 οὗ
1421 2000 1869 2101 προσέθεσθε,
1900 2000 2040 2074 καὶ
2040 2000 2222 2077 ταύ-.

218 2132 342 2193 την
381 2133 505 2193 μεν
545 2101 741 2195 ῦμῶν
783 2111 1033 2179 ἐπαινω
1076 2103 1200 2196 τὴν
1241 2115 1499 2194 πίστιν,
1542 2114 1906 2211 παρακαλω
1954 2108 2030 2177 δὲ
2070 2121 2212 2189 τοῖς

206 2203 446 2289 ἀὐτοις
487 2211 830 2298 ἐμμένειν,
877 2207 1432 2299 ἀποληψομένους
1481 2206 1763 2299 ἀμοιβὰς
1814 2209 1975 2299 παρ’
2016 2206 2211 2299 ἡμῶν
2246 2238 2304 2278 20

218 2311 333 2379 καὶ
359 2310 646 2399 χάριτας.
724 2310 883 2394 τοῦς
916 2311 1044 2402 γὰρ
1074 2320 1430 2394 πλείστους
1450 2309 1614 2402 ’ὑμῖν
1647 2309 1879 2403 ἀνήσω
1913 2321 2051 2383 τῶν
2077 2310 2213 2401 φό-

221 2439 362 2500 ρων
405 2414 519 2481 καὶ
561 2441 699 2482 των
725 2416 1109 2498 συντάξεων
1151 2412 1229 2497 ἃς
1256 2423 1749 2505 προετελεῑτετ
1713 2432 1851 2497 τοῖς
1879 2414 2009 2506 πρὸ
2045 2418 2213 2504 ἐμοῦ

220 2521 570 2604 βασιλεῦσι
611 2519 757 2587 καὶ
747 2519 943 2606 ἐμοί,
983 2523 1116 2587 νῦν
1168 2546 1240 2588 τε
1282 2515 1446 2608 ὑμῖν
1485 2515 1745 2644 ἀφίημι
1771 2516 1927 2601 τοῦς
1957 2518 2214 2624 φόρους

223 2613 342 2699 οὓς
383 2614 488 2687 ἀεὶ
516 2625 898 2743 παρείχετε.
968 2617 1134 2713 πρὸς
1175 2621 1437 2702 τούτοις
1464 2624 1577 2690 καὶ
1603 2620 1802 2747 τιμὴν
1811 2619 1992 2729 ὑμῖν
2016 2627 2213 2713 χαρί-

222 2728 411 2810 ζομαι
452 2726 589 2791 τῶν
624 2718 808 2792 ἁλῶν
848 2725 960 2793 καὶ
989 2752 1126 2794 των
1158 2724 1549 2822 στεφάνων,
1596 2721 1717 2806 οῦς
1759 2727 2214 2816 προσεφέρετε
2247 2754 2305 2796 25

223 2820 407 2914 ημῖν,
437 2827 549 2895 καὶ
575 2821 763 2896 αντὶ
752 2854 889 2905 των
915 2830 1160 2916 τρίτων
1182 2835 1307 2899 τοῦ
1341 2833 1605 2916 καρποῦ
1634 2829 1747 2897 καὶ
1775 2835 1898 2898 τοῦ
1927 2826 2236 2919 ἡμίσους

224 2936 349 2997 τοῦ
402 2912 681 3012 ξυλίνου
734 2936 999 3053 καρποῦ
1058 2928 1132 2999 τὸ
1189 2929 1560 3019 γενόμενον
1604 2932 1772 3019 ἐμοὶ
1792 2933 1993 3021 μέρος
2041 2928 2215 3021 ὑμῖν

227 3026 473 3120 ἀφίημι
515 3028 644 3100 ἀπὸ
687 3038 800 3121 τῆς
841 3031 1133 3122 σήμερον
1190 3030 1458 3122 ἡμέρας.
1553 3036 1667 3103 καὶ
1704 3030 1876 3124 ὑπὲρ
1917 3039 2282 3127 κεφαλῆς
2337 3077 2346 3083 ·

226 3131 502 3220 ἑκάστης
529 3129 567 3202 ὃ
596 3139 733 3204 ἔδει
756 3162 891 3223 μοι
914 3140 1233 3205 δίδοσθαι
1275 3162 1411 3204 των
1451 3138 1526 3205 ἐν
1564 3143 1648 3227 τῇ
1670 3134 1958 3208 Ἰουδαία
1985 3166 2219 3209 κατοι-

224 3230 533 3301 κούντων
584 3238 698 3306 καὶ
751 3264 888 3309 των
943 3245 1154 3326 τριῶν
1212 3264 1594 3328 τοπαρχιων
1629 3267 1767 3310 των
1806 3248 1887 3331 τῇ
1924 3209 2220 3335 Ἰουδαίᾳ
2254 3275 2311 3321 30

228 3337 765 3426 προσκειμένων,
804 3348 1191 3430 Σαμαρείας
1226 3343 1342 3411 καὶ
1368 3347 1730 3423 Γαλιλαίας
1756 3345 1870 3414 καὶ
1894 3351 2219 3433 Περαίας,

228 3438 428 3500 τοῦτο
476 3448 850 3529 παραχωρῶ
907 3438 1072 3530 ὑμῖν
1125 3440 1255 3514 ἀπὸ
1311 3452 1450 3525 τοῦ,
1485 3451 1617 3515 νῦν
1658 3452 1753 3529 εἰς
1791 3444 1912 3517 τὸν
1954 3443 2224 3547 ἅπαντα
