2500 3882
1055 126 1537 184 ΛΩΛΕΚΑΤΗ
2075 114 2079 120 ’
2115 215 2120 223 ἡ
2171 126 2283 186 101
2393 95 2398 112 '

380 347 383 354 ·
448 296 616 367 κατὰ
634 296 719 367 δὲ
757 287 887 367 τὸν
918 293 1130 366 αὐτὸν
1156 294 1398 383 καιρὸν
1439 287 1528 385 ἦν
1553 323 1652 377 τις
1681 303 1886 367 οἰκῶν
1912 301 1988 369 ἐν
2017 305 2299 371 Μωδεεῖ
2318 304 2359 367 6

292 399 489 492 κώμῃ
529 407 645 490 τῆς
670 398 1007 479 Ἰουδαίας
1050 397 1262 487 ὄνομα
1305 406 1740 488 Ματταθίας,
1785 400 1934 482 υίὸς
1972 399 2290 473 Ἰωάννου

291 511 417 576 τοῦ
448 510 820 592 Συμεῶνος
862 509 981 571 τοῦ
1013 500 1509 591 Ἀσαμωναίου,
1552 502 1773 594 ἱερεὺς
1813 507 1880 587 ἐξ
1921 508 2288 595 ἐφημερίας

284 604 655 696 Ἰωάριβος,
689 603 1229 695 Ἱεροσολυμίτης.
1307 596 1487 694 ἦσαν
1525 603 1604 675 δ’
1644 603 1828 700 αὐτῷ
1869 610 2012 678 υἱοὶ
2064 612 2283 697 πέντε,

233 742 260 780 5
288 707 599 798 Ἰωάννης
640 706 678 778 ὁ
720 709 1133 796 καλούμενος
1177 711 1596 798 Γαδδῆςκαὶ
1636 717 1877 799 Σίμων
1918 707 1954 781 ὁ
2009 715 2288 799 κληθεὶς

298 820 588 902 Ματθῆς
639 814 753 894 καὶ
798 808 1052 894 Ἰούδας
1103 806 1163 888 ὁ,
1204 812 1617 900 καλούμενος
1673 822 2116 902 Μακκαβαῖος
2173 819 2288 885 καὶ

287 913 667 1006 Ἐλεάζαρος
700 911 739 985 ὁ
785 916 1062 1003 κληθεὶς
1107 911 1354 1003 Αὐρὰν
1404 917 1520 984 καὶ
1552 912 1875 1004 Ἰωνάθης
1929 913 1964 986 ὁ
2008 913 2288 1005 κληθεὶς

287 1015 605 1107 Ἅπφοῦς.
696 1007 892 1098 οὗτος
945 1008 1075 1086 οὖν
1127 1013 1161 1086 ὁ
1217 1025 1620 1099 Ματταθίας
1685 1016 2079 1107 ἀπωδύρετο
2146 1036 2286 1101 τοῖς

294 1124 552 1203 τέκνοις
605 1119 729 1209 τὴν
767 1118 1169 1196 κατάστασιν
1209 1127 1348 1192 τῶν
1391 1119 1798 1209 πραγμάτων
1850 1124 1963 1191 καὶ
2007 1122 2129 1211 τὴν
2167 1130 2286 1213 τῆς

212 1259 261 1301 ιο
299 1225 557 1305 πόλεως
596 1221 979 1312 διαρπαγὴν
1015 1224 1131 1292 καὶ
1167 1230 1292 1291 τοῦ
1331 1230 1503 1291 ναοῦ
1543 1221 1667 1310 τὴν
1705 1222 1990 1312 σύλησιν
2015 1228 2129 1294 καὶ
2162 1234 2299 1295 τοῦ·

292 1325 607 1421 πλήθους
631 1325 747 1408 τὰς
776 1325 1163 1415 συμφοράς,
1205 1326 1396 1412 ἔλεγέ
1422 1352 1494 1394 τε
1519 1341 1828 1413 κρεῖττον
1855 1324 2082 1407 αὐτοῖς
2112 1326 2284 1396 εἶναι

293 1428 465 1519 ὑπὲρ
493 1437 631 1499 τῶν
656 1437 959 1518 πατρίων
984 1428 1213 1516 νόμων
1239 1424 1618 1497 ἀποθανεῖν
1644 1423 1689 1516 ἦ
1728 1434 1847 1517 ζῆν
1874 1426 2088 1511 οὕτως
2116 1426 2282 1500 0236-

296 1537 436 1615 ξως.
491 1532 839 1605 ἐλθόντων
868 1532 944 1601 δὲ
975 1537 1068 1611 εἰς
1095 1529 1219 1619 τὴν
1245 1537 1532 1602 Μωδεεῖ
1569 1531 1805 1621 κώμην
1830 1539 1968 1604 τῶν
1996 1528 2130 1603 ὑπὸ
2160 1539 2283 1603 τοῦ
2316 1551 2351 1603 2

294 1638 615 1724 βασιλέως
683 1636 1198 1722 καθισταμένων
1271 1634 1379 1704 ἐπὶ
1442 1640 1533 1726 τῷ
1603 1650 1822 1704 ποιεῖν
1879 1632 2284 1724 ἀναγκάζειν

212 1769 259 1811 ιτ
293 1767 452 1820 τους
480 1734 917 1832 Ἰουδαίους
885 1766 930 1806 α
918 1736 1372 1822 διετέτακτο,
1414 1739 1528 1811 καὶ
1570 1737 1777 1808 θύειν
1811 1737 1970 1819 τούς
2003 1742 2145 1809 ἐκεῖ
2167 1766 2284 1810 κε-

291 1842 632 1913 λευόντων
673 1867 763 1922 ως
799 1836 836 1910 ὁ
884 1838 1201 1929 βασιλευς
1222 1839 1601 1928 κελεύσειε,
1645 1839 1774 1910 διὰ
1800 1841 1876 1911 δὲ
1913 1840 2039 1943 τὴν
2079 1842 2284 1925 δόξαν

290 1946 414 2035 τήν
438 1974 511 2016 τε
539 1943 657 2015 δια
681 1934 886 2014 τᾶλλα
914 1946 1026 2014 καὶ
1054 1941 1167 2014 διὰ
1209 1941 1340 2032 τὴν
1377 1939 1737 2015 εὐπαιδίαν
1765 1938 2138 2027 ἀξιούντων
2164 1945 2285 2016 τὸν

292 2054 704 2119 Ματταθίαν
742 2046 1227 2137 προκατάρχειν
1272 2074 1409 2116 των
1445 2054 1714 2115 θυσιων
1742 2049 2283 2138 (κατακολουθή-
2320 2052 2326 2067 '

230 2186 241 2191 ·
293 2172 438 2222 σειν
468 2179 596 2240 γαρ
626 2147 809 2244 αυτῷ
829 2152 938 2221 καὶ
971 2148 1129 2230 τοὺς
1156 2155 1451 2234 πολίτας,
1482 2149 1594 2217 καὶ
1623 2146 1736 2216 δια
1763 2154 1963 2217 τοῦτο
1991 2150 2283 2238 τιμηθή-

210 2281 263 2321 2⁰
297 2267 540 2329 σεσθαι
579 2252 745 2342 πρὸς
787 2259 909 2323 τοῦ
947 2252 1342 2342 βασιλέως),
1386 2245 1421 2320 ὁ
1451 2257 1853 2331 Ματταθίας
1874 2248 2002 2321 οὐκ
2031 2259 2283 2339 ἔφασκε

292 2358 631 2447 ποιήσειν,
689 2352 841 2426 οὐδ’
899 2363 965 2425 εί
1013 2347 1221 2424 τᾶλλα
1282 2353 1501 2423 πάντα
1554 2361 1725 2443 ἔθνη
1769 2369 1906 2435 τοῖς
1939 2351 2281 2445 Ἀντιόχου

244 2460 791 2553 προστάγμασιν
812 2488 854 2548 η
882 2456 994 2528 δια
1025 2457 1242 2545 φόβον
1271 2485 1313 2545 η
1286 2452 1424 2526 δι
1466 2454 1960 2546 εὐαρέστησιν
1922 2459 2278 2546 υπακούοι,

294 2563 793 2652 πεισθήσεσθαί
818 2557 967 2631 ποτ’
1001 2557 1202 2642 αυτὸς
1216 2558 1381 2649 μετὰ
1406 2586 1545 2629 των
1570 2563 1827 2630 τέκνων
1852 2559 1977 2651 τὴν
2002 2562 2284 2663 πάτριον

294 2673 665 2755 θρησκείαν
730 2673 1136 2735 καταλιπεῖν.
1241 2691 1330 2744 ως
1395 2664 1472 2733 δὲ
1528 2664 1988 2752 σιωπήσαντος
2066 2660 2280 2733 αὐτοῦ

209 2802 266 2843 25
302 2768 699 2859 προσελθών
722 2795 823 2849 τις
851 2795 986 2836 των
1002 2764 1355 2837 Ἰουδαίων
1390 2771 1483 2847 εἰς
1510 2767 1715 2853 μέσον
1762 2772 1972 2835 ἔθυσε
2020 2762 2188 2834 καθ’

292 2873 690 2961 προσέταξεν
708 2868 1057 2959 Ἀντίοχος,
1087 2863 1500 2955 θυμωθεὶς’
1469 2895 1506 2936 ο
1539 2873 1940 2947 Ματταθίας
1968 2863 2279 2954 ω’ρμησεν

290 2971 397 3044 ἐπ’
432 2971 645 3044 αὐτὸν
674 2975 838 3062 μετὰ
870 2980 1006 3041 τῶν
1035 2976 1300 3062 παίδων
1327 2969 1616 3057 ἐχόντων
1649 2974 1964 3056 κοπίδας,
2006 2970 2119 3041 καὶ
2147 2967 2277 3039 αύ-

289 3076 409 3147 τόν
431 3105 504 3147 τε
541 3080 806 3147 ἐκεῖνον
833 3077 1208 3164 διέφθειρε,
1237 3073 1352 3142 καὶ
1378 3070 1499 3141 τὸν
1526 3069 1899 3160 στρατηγὸν
1927 3078 2058 3140 τοῦ·
2081 3080 2275 3161 βασι-

291 3181 455 3261 λέως
474 3177 822 3267 Ἀπελλῆν,
855 3173 928 3259 ὃς
953 3176 1396 3266 ἐπηνάγκαζε,
1427 3174 1819 3262 διεχρήσατο
1845 3171 1988 3262 μετ’
2024 3172 2275 3264 ὀλίγων

216 3312 268 3354 m
299 3289 754 3371 στρατιωτῶν,
805 3282 920 3350 καὶ
958 3278 1077 3350 τὸν
1127 3276 1361 3367 βωμὸν
1411 3275 1726 3347 καθελών
1768 3272 2135 3368 ἀνέκραγεν
2174 3274 2290 3347 “sc

298 3413 392 3466 τις
418 3382 709 3475 ζηλωτής
736 3386 874 3454 ἐστι
901 3389 1037 3452 τῶν
1075 3385 1379 3468 πατρίων
1423 3382 1607 3449 ἐθῶν
1648 3381 1761 3449 καὶ
1800 3386 1914 3467 τῆς
1953 3388 2076 3450 τοῦ
2106 3386 2279 3448 θεοῦ

300 3495 692 3578 θρησκείας,
736 3482 1048 3557 ἑπέσθω”
1100 3489 1312 3573 φησίν
1341 3478 1602 3571 “ε’μοί.”
1673 3484 1786 3553 καὶ
1826 3490 2037 3553 ταῦτα
2070 3477 2279 3550 εἰπών
