2500 3882
936 125 1284 184 ΤΡΙΣΚΑΙ
1283 126 1512 184 ΔΕΚΑ
1516 127 1634 185 ΤΗ
2156 123 2276 187 133

278 291 593 384 θαλαγᾶν
623 283 988 384 ἀναχωρεῖ,
1032 293 1267 384 κῶμην
1303 287 1518 366 οὖσαν
1561 298 1637 366 ἐν
1666 303 1745 387 τῇ
1762 294 2015 421 ἐρήμῳ,
2053 305 2274 387 φοβη-

276 400 429 479 θεὶς
480 395 604 467 τὸν
667 402 1043 486 Βακχίδην·
1125 401 1238 467 καὶ
1295 399 1766 488 οἰκοδομήσας
1778 399 2101 488 πύργους
2160 403 2273 474 καὶ

277 510 463 591 τείχη
491 500 1017 591 περιβαλόμενος
1054 497 1266 571 αὑτὸν
1305 508 1498 592 ἔσχεν
1525 501 1844 592 ἀσφαλῶς
1876 521 2272 593 πεφρουρη-

278 607 504 693 μένον.
584 609 919 692 Βακχίδης
957 603 1033 673 δὲ
1071 610 1281 674 ταῦτα
1321 602 1615 686 ἀκούσας
1662 605 1785 694 τήν
1818 633 1891 675 τε
1916 601 2078 694 μεθ’
2108 608 2273 676 ἑαυ-

221 742 253 783 5
285 714 408 777 τοῦ
435 705 754 797 στρατιὰν
781 702 968 794 ἄγων
1007 708 1118 776 καὶ
1145 714 1284 776 τῶν
1303 703 1649 779 Ἰουδαίων
1690 706 1848 789 τούς
1885 707 2273 798 συμμάχους

284 807 694 900 παραλαβών
726 810 836 880 ἐπὶ
863 808 981 879 τὸν
1000 806 1329 898 Ἰωνάθην
1355 801 1510 900 ἧκε,
1551 812 1665 880 καὶ
1706 809 2111 902 προσβαλῶν
2144 807 2276 881 αὐ-

282 920 404 983 τοῦ
450 927 589 993 τοῖς
633 908 1063 1002 ὀχυρώμασιν
1107 915 1213 982 ἐπὶ
1261 912 1511 994 πολλὰς
1558 911 1769 984 αὐτὸν
1817 909 2066 1003 ἡμέρας
2112 918 2276 984 ἐπο-

282 1016 556 1104 λιόρκει·.
596 1011 670 1084 5
708 1016 786 1086 δὲ
825 1011 993 1105 πρὸς
1030 1013 1155 1105 τὴν
1198 1014 1510 1104 σπουδὴν
1556 1023 1670 1105 τῆς
1709 1023 2092 1105 πολιορκίας
2145 1013 2272 1087 οὐκ

283 1122 677 1205 ἐνδίδωσιν,
719 1115 890 1188 ἀλλὰ
928 1126 1269 1208 καρτερῶς
1307 1107 1618 1208 ἀντιστὰς
1656 1126 1937 1206 Σίμωνα
1984 1120 2110 1208 μὲν
2153 1118 2273 1190 τὸν

196 1248 251 1289 ιο
283 1218 589 1309 ἀδελφὸν
625 1224 702 1290 ἐν
738 1228 818 1312 τῇ
857 1221 1048 1291 πόλει
1091 1228 1475 1291 καταλείπει
1514 1228 1607 1290 τῶ
1640 1227 1939 1314 Βακχίδη
1979 1222 2275 1311 πολεμή-

281 1346 524 1412 σοντα,
582 1323 806 1417 λάθρα
844 1320 913 1393 δ’
964 1320 1167 1404 αὐτὸς
1209 1331 1304 1405 εἰς
1342 1349 1467 1412 την
1508 1324 1737 1412 χῶραν
1777 1324 2108 1411 ἐξελθών,
2160 1327 2274 1393 καὶ
2313 1371 2318 1374 -

282 1557 441 1618 των,
485 1527 724 1610 νυκτὸς
767 1532 1106 1600 ἐπιπίπτει
1150 1536 1242 1622 τῶ
1288 1536 1408 1600 τοῦ
1444 1536 1784 1619 Βακχίδου
1824 1531 2276 1624 στρατοπέδῳ,-

280 1635 399 1703 καὶ
435 1628 980 1722 συχνουςαύτῶν
1029 1638 1435 1725 διαφθείρας
1473 1632 1769 1723 φανερὸς
1806 1635 1920 1706 καὶ
1959 1630 2274 1726 τάδελφῳ

193 1773 250 1814 1⁵
283 1743 553 1826 Σίμωνι
578 1742 838 1824 γίνεται
865 1738 1003 1817 τοῖς
1043 1739 1314 1826 ἐχθροῖς
1354 1737 1720 1806 ἐπιπεσών·
1775 1734 2046 1826 καὶγὰρ
2077 1727 2275 1818 οὗτος

280 1838 690 1929 αἰσθόμενος
749 1837 906 1919 τούς
960 1846 1321 1928 πολεμίους
1372 1835 1495 1909 ὑπ’
1547 1836 1759 1910 αὐτοῦ
1802 1842 2275 1928 κτεινομένους

281 1946 614 2027 ἐπέξεισιν
654 1938 918 2030 αὐτοῖς,
960 1944 1075 2012 καὶ
1119 1941 1204 2012 τά
1241 1939 1313 2012 τε
1351 1943 1784 2032 μηχανήματα
1823 1941 1905 2013 τὰ
1944 1941 2111 2032 πρὸς
2150 1940 2276 2032 τὴν

281 2052 681 2137 πολιορκίαν
717 2047 1043 2134 ἐνέπρησε
1084 2052 1221 2141 τῶν
1246 2045 1676 2115 Μακεδόνων
1729 2047 1845 2114 καὶ
1892 2046 2108 2133 φόνον
2146 2042 2275 2113 αὗ-

282 2157 420 2221 τῶν
453 2146 691 2219 ἰκανὸν
722 2147 1093 2238 εἰργάσατο.
1151 2147 1568 2235 θεασάμενος
1607 2143 1671 2216 δ’
1714 2143 1924 2216 αὑτὸν
1962 2144 2274 2234 &Bazis-

200 2283 259 2326 20
288 2259 409 2343 δης
445 2249 582 2322 ὑπὸ
625 2258 762 2321 τῶν
802 2255 1071 2341 ἐχθρῶν
1098 2246 1628 2339 ἀπειλημμένον,
1670 2252 1783 2319 καὶ
1811 2248 1970 2331 τούς
2003 2249 2128 2339 μὲν
2156 2255 2275 2339 ἐμ·

282 2366 589 2446 προσθεν
641 2350 825 2447 αὐτῷ
871 2353 1031 2435 τούς
1099 2349 1165 2422 δ’
1223 2349 1513 2424 ὄπισθεν
1570 2356 2125 2443 προσκειμένους,
2180 2358 2275 2436 εἰς

283 2456 591 2548 ἀθυμίαν
636 2454 771 2547 ἅμα
809 2458 924 2526 καὶ
965 2453 1260 2547 ταραχὴν
1305 2463 1421 2545 τῆς
1462 2461 1767 2538 διανοίας
1818 2459 2124 2545 ἐνέπεσε,
2179 2461 2272 2550 τῶ

286 2558 452 2651 παρ’
487 2565 760 2641 ἐλπίδας
787 2557 1114 2649 ἀποβάντι
1143 2566 1261 2648 τῆς
1285 2567 1673 2651 πολιορκίας
1701 2567 2089 2648 συγχυθείς.
2153 2557 2274 2629 τὸν

291 2665 515 2752 μέντοι
542 2693 618 2753 γε
644 2660 820 2753 ὑπὲρ
846 2663 1108 2733 τούτων
1134 2661 1366 2750 θυμὸν
1395 2668 1489 2743 εἰς
1516 2660 1675 2743 τούς
1701 2663 2032 2753 φυγάδας,
2062 2668 2128 2730 οἳ
2151 2688 2272 2750 με·

198 2799 259 2840 25
287 2768 705 2861 τεπέμψαντο
744 2763 927 2855 παρὰ
965 2771 1088 2835 τοῦ
1126 2765 1453 2854 βασιλέως
1480 2760 1725 2852 αὐτόν,
1770 2762 2157 2857 ἀπέσκηψεν
2184 2758 2275 2845 ῶς

284 2870 795 2959 ἐξηπατηκότας.
851 2868 1166 2957 ἐβούλετο
1196 2866 1274 2936 δὲ
1300 2864 1697 2954 τελευτήσας
1722 2893 1847 2954 την
1874 2872 2272 2953 πολιορκίαν

284 2969 660 3065 εὐπρεπῶς,
691 2978 756 3043 εἰ
778 2969 1096 3059 δυνατόν,
1129 2975 1236 3050 εἰς
1249 2967 1374 3075 τὴν
1401 2974 1657 3038 οἰκείαν
1684 2964 2120 3059 ὑποστρέψαι.

428 3071 769 3165 μαθωνδ’
809 3072 1024 3145 αὐτοῦ
1052 3100 1194 3161 την
1221 3056 1533 3142 διάνοιαν
1553 3068 1874 3158 Ἰωνάθης
1902 3068 2269 3161 πρεσβεύε-
2309 3088 2345 3142 6

283 3207 393 3249 ται
416 3178 586 3271 πρὸς
616 3174 826 3248 αὐτὸν
855 3178 1011 3265 περὶ
1053 3182 1283 3266 φιλίας
1307 3176 1421 3243 καὶ
1450 3180 1855 3262 συμμαχίας,
1895 3198 2076 3254 οπως
2108 3170 2276 3245 ἀπο-

201 3305 257 3347 ιο
290 3288 503 3352 δῶσιν
543 3278 854 3370 ἀλλήλοις
907 3274 1028 3359 οὓς
1068 3278 1424 3368 εἰλήφασιν
1458 3274 1914 3364 αἰχμαλώτους
1954 3275 2271 3368 ἑκάτεροι.

284 3391 564 3474 νομίσας
591 3384 668 3455 δὲ
694 3383 946 3472 ταύτην
976 3377 1514 3472 εὐπρεπεστέραν
1540 3374 1578 3448 5
1596 3383 1928 3468 Βακχίδης
1953 3376 2077 3469 τὴν
2105 3378 2271 3448 ἆναᾱ

287 3488 619 3579 χῶρησιν,
672 3488 1030 3559 σπένδεται
1084 3483 1252 3575 πρὸς
1300 3480 1422 3554 τὸν
1450 3479 1776 3571 Ἰωνάθην
1819 3488 2099 3572 φιλίαν,
2163 3478 2276 3545 καὶ
