2500 3882
720 215 735 228 ,
805 132 1616 193 ΕΝΝΕΑΚΛΙΔΕΚΑΤΗ
1785 85 1791 94 ο
2077 133 2201 195 227

210 303 541 394 καλούσης
568 301 775 375 αὐτὸν
801 310 917 395 τῆς
941 310 1223 394 βουλῆς,
1250 293 1648 395 χρισάμενος
1673 304 1908 395 μύροις
1932 306 2082 398 τὴν
2075 334 2194 378 κε-

209 405 436 498 φαλὴν
478 435 566 488 ως
620 404 751 478 ἀπὸ
791 416 1152 489 συνουσίας
1191 411 1547 497 γινομένης
1593 405 1976 491 ἀναλύσεως
2014 407 2196 505 αὐτῷ

208 517 465 602 παρῆν,
493 508 676 582 καὶ”
633 538 828 635 ηρετο
854 507 1010 592 τοὺς
1037 509 1407 600 βουλευτὰς
1428 519 1498 580 τί
1520 514 1815 601 πέπραχε
1833 512 2192 596 Κλαύδιος.

205 619 343 685 τῶν
372 615 447 684 δὲ
467 613 548 684 τά
573 641 645 684 τε
674 611 833 684 όντα
861 617 1180 703 φαμένων
1204 615 1316 683 καὶ
1336 612 2002 705 προσανερομένων”
1957 644 2193 706 ηντινα
2243 637 2247 641 Α
2283 629 2292 640 “

126 741 181 786 ,5
208 716 485 806 γνώμην
521 723 657 807 ἔχοι
698 718 850 807 περὶ
888 732 1026 797 τοῖς
1066 712 1281 803 ὅλοις,
1335 724 1656 788 τελευτᾶν
1702 717 1826 806 μὲν
1862 715 2034 809 ὑπὲρ
2073 726 2193 791 τοῦ

206 818 354 890 κατ’
388 823 655 909 ἐκείνην
691 817 1006 900 εὐκλεοῦς
1042 822 1299 909 ἕτοιμος
1337 811 1424 909 ἦν
1450 836 1587 903 τοῖς
1624 820 1874 910 λόγοις,
1916 838 2194 894 σκοπεῖν

208 923 288 992 δὲ
312 925 576 996 ἐκέλευε
604 924 755 1013 περὶ
780 928 873 1018 τῷ
900 924 1334 1014 συμφέροντι,
1365 929 1501 994 πᾶν
1527 952 1563 994 ο
1588 952 1652 994 τι
1680 927 1791 1020 καὶ
1818 931 1913 1006 εἰς
1936 921 2194 1016 ἡδονὴν
2293 926 2306 932 ’

207 1026 399 1114 φέροι
425 1022 982 1114 υπεξελομένους·
1020 1032 1252 1115 χρείαν
1274 1024 1402 1115 γὰρ
1431 1026 1605 1097 εἶναι
1626 1034 1742 1118 τῆς
1759 1027 1962 1118 ἀρχῆς
1988 1056 2187 1152 μετα-

186 1132 628 1218 ποιουμένοις
667 1130 777 1199 καὶ
825 1125 1056 1198 ὅπλων
1082 1131 1195 1199 καὶ
1223 1136 1678 1220 στρατιωτων,
1718 1139 1787 1201 οἳ
1828 1111 2192 1220 φράξαιντο

124 1262 171 1300 ιο
205 1229 482 1319 αὐτούς,
511 1231 600 1323 μὴ
627 1234 738 1301 καὶ
766 1229 1215 1322 ἀπαράσκευοι
1242 1232 1681 1314 καταστάντες
1708 1240 1802 1314 εἰς
1826 1231 1984 1304 τάδε
2012 1259 2184 1322 σφα-

204 1345 403 1406 λεῖεν.
469 1317 1003 1424 ἀποκριναμένης
1043 1335 1117 1405 δὲ
1156 1341 1272 1424 τῆς
1322 1341 1568 1426 βουλῆς
1605 1333 1834 1407 ὅπλων
1870 1365 1941 1408 τε
1984 1335 2185 1408 εὐπο-

202 1445 360 1526 ρίαν
385 1439 498 1507 καὶ
524 1437 821 1528 χρήματα
853 1444 1200 1524 εἰσοίσειν,
1244 1440 1355 1507 καὶ
1381 1444 1689 1528 στρατιᾶς
1719 1437 1793 1509 τὸ
1821 1442 1946 1528 μέν
1971 1468 2036 1510 τι
2062 1468 2185 1510 αυ-

200 1556 338 1622 τοῖς
379 1540 552 1611 εἶναι
588 1539 1022 1629 συνεστηκός,
1058 1539 1133 1611 τὸ
1176 1541 1253 1612 δὲ
1290 1544 1771 1632 συγκροτήσειν
1809 1542 2183 1632 ἐλευθερω-

180 1665 369 1725 .σεως
398 1645 663 1715 δούλων
687 1646 1081 1733 γενομένης,
1111 1640 1261 1736 “εἰή
1290 1649 1449 1734 μέν,
1497 1636 1548 1715 ὦ
1590 1645 1805 1735 βουλή
1818 1642 1874 1732 ,”
1916 1649 2123 1735 φησὶν
2141 1642 2186 1742 ’ὅ

82 1771 165 1818 χιε
194 1744 558 1838 Ἀγρίππας
600 1744 986 1836 ὑποτυχών,
1035 1744 1405 1835 “πράσσειν
1463 1745 1676 1820 ὁπόσα
1715 1747 1936 1838 θυμὸς
1987 1745 2181 1840 ὑμῖν·

196 1854 467 1921 λεκτέον
503 1851 577 1922 δὲ
616 1848 820 1921 οὐδὲν
859 1850 1286 1921 ἐνδοιάσαντί
1320 1879 1431 1943 μοι
1475 1850 1586 1921 διὰ
1626 1851 1701 1922 τὸ
1744 1855 1856 1922 ἐπὶ
1892 1860 2185 1946 σωτηρίᾳ

198 1957 435 2043 φέρειν
472 1952 591 2023 τὸν
632 1953 852 2040 λόγον.
903 1964 1045 2023 ἴστε
1086 1952 1169 2041 δὴ
1200 1952 1485 2044 στρατὸν
1523 1952 1595 2034 ὃς
1634 1951 1806 2045 ὑπὲρ
1832 1962 2183 2026 Κλαυδίου

195 2071 497 2143 μαχεῖται
517 2106 537 2141 ,
581 2054 827 2143 πλήθει
854 2052 1102 2145 χρόνου
1137 2051 1517 2125 ὁπλιτεύειν
1542 2056 2058 2145 μεμελετηκότα·
2103 2056 2183 2126 τοὶ

171 2157 274 2227 δὲ
314 2153 597 2248 ἡμέτερα
643 2158 790 2247 <εί>
828 2155 1236 2243 συγκλύδων
1285 2154 1670 2244 ἀνθρώπων
1708 2163 1966 2246 πλῆθος
2003 2164 2184 2228 ἔσται

101 2290 160 2331 2⁰
197 2262 311 2330 καὶ
337 2265 475 2331 τῶν
501 2257 679 2350 παρὰ
708 2258 909 2342 δόξαν
934 2264 1049 2349 τῆς
1078 2263 1386 2340 δουλείας
1410 2257 1972 2349 ἀπηλλαγμένων,
2015 2265 2181 2330 δυσ·
2247 2329 2272 2339 ,

195 2362 484 2454 κράτητα
503 2385 518 2400 ·
586 2361 749 2454 πρός
797 2390 869 2432 τε
914 2369 1211 2450 τεχνίτας
1252 2362 1645 2452 μαχούμεθα
1696 2363 2184 2452 προαγαγόντες

192 2466 445 2557 ἄνδρας
468 2466 638 2557 μηδὲ
664 2464 843 2548 ὅπως
869 2471 1083 2536 σπῶσι
1109 2463 1189 2535 τὰ
1215 2465 1679 2555 ξίφηείδότας.
1728 2463 1895 2539 ὥστε
1918 2496 2030 2556 μοι
2064 2473 2177 2538 δο-

194 2585 305 2639 κεῖ
341 2572 625 2658 πέμπειν
654 2566 741 2650 ὥς
763 2569 1112 2654 Κλαύδιον
1138 2574 1490 2650 πείσοντας
1529 2577 2013 2640 κατατίθεσθαι
2054 2569 2178 2660 τὴν

192 2670 440 2761 ἀρχήν,
469 2672 867 2761 πρεσβεύειν
897 2699 969 2742 τε
996 2671 1253 2761 ἕτοιμός
1282 2669 1479 2761 εἰμι.”

117 2800 180 2842 25
352 2776 474 2844 καὶ
501 2771 540 2845 ὃ
573 2775 698 2864 μὲν
731 2782 937 2845 ταῦτα
968 2774 1192 2861 εἶπεν,
1234 2777 1347 2845 καὶ
1373 2776 1983 2863 συγκαταθεμένων
2013 2801 2180 2866 πεμ-
2209 2793 2244 2845 2

188 2879 396 2969 φθεὶς
421 2875 551 2948 σύν
590 2879 835 2968 ἑτέροις
859 2876 983 2968 τήν
1015 2904 1088 2947 τε
1113 2876 1407 2968 ταραχὴν
1431 2885 1546 2969 τῆς
1571 2885 1819 2968 βουλῆς
1851 2884 2178 2968 διηγεῖται

185 3009 355 3053 κατα
394 2981 602 3071 μόνας
645 2978 808 3071 πρὸς
839 2978 958 3051 τὸν
982 2980 1367 3068 Κλαύδιον,
1412 2984 1727 3053 ἐδίδασκέ
1759 3007 1832 3051 τε
1863 2977 2173 3072 ἡγεμονι-

189 3085 484 3177 κώτερον
510 3081 1052 3174 ἀποκρίνασθαι,
1066 3112 1158 3155 τω
1186 3082 1502 3174 ἀξιώματι
1527 3092 1642 3175 τῆς
1677 3087 1976 3168 ἐξουσίας
2000 3086 2173 3175 χρώ-

192 3214 415 3275 μενον.
475 3195 707 3276 ἔλεγεν
733 3177 859 3256 οὖν
884 3189 1222 3270 Κλαύδιος
1260 3184 1342 3258 οὐ
1368 3189 1740 3278 θαυμάζειν
1766 3186 1889 3277 τὴν
1918 3187 2177 3279 βουλην

81 3327 157 3370 30
194 3284 402 3379 ηδονῇ
429 3290 514 3380 μὴ
546 3295 889 3382 φέρουσαν
914 3287 1236 3379 αρχεσθαι
1266 3287 1379 3360 δια
1402 3289 1477 3361 τὸ
1505 3289 1788 3380 ωμότητι
1812 3298 2177 3383 τετρῦσθαι

191 3418 330 3461 των
367 3392 687 3486 πρότερον
727 3395 836 3465 ἐπὶ
875 3390 950 3464 τὸ
986 3388 1423 3485 ηγεμονεύειν
1460 3391 1962 3482 καταστάντων,
2014 3394 2172 3482 γεύ-

191 3517 342 3565 σειν
371 3494 445 3564 δὲ
488 3495 728 3580 αὐτοὺς
770 3500 1090 3596 ἐπιεικείᾳ
1128 3506 1209 3590 τῇ
1247 3495 1407 3569 καθ’
1451 3492 1658 3569 αὑτὸν
1695 3503 1986 3586 μετρίων
2024 3523 2170 3567 και-

1732 3613 1809 3673 15
1826 3612 1858 3659 *
