<?xml version="1.0" encoding="UTF-8"?>
<!DOCTYPE html PUBLIC "-//W3C//DTD XHTML 1.0 Transitional//EN"
    "http://www.w3.org/TR/xhtml1/DTD/xhtml1-transitional.dtd">
<html xmlns="http://www.w3.org/1999/xhtml" xml:lang="en" lang="en">
 <head>
  <title>
</title>
<meta http-equiv="Content-Type" content="text/html;charset=utf-8" />
  <meta name='ocr-system' content='tesseract 3.04.00' />
  <meta name='ocr-capabilities' content='ocr_page ocr_carea ocr_par ocr_line ocrx_word'/>
</head>
<body>
  <div class='ocr_page' id='page_1' title='image "./flaviiiosephiop00josegoog_0611.png"; bbox 0 0 2500 3882; ppageno 0'>
   <div class='ocr_carea' id='block_1_1' title="bbox 803 140 2187 206">
    <p class='ocr_par' dir='ltr' id='par_1_1' title="bbox 803 140 2187 206">
     <span class='ocr_line' id='line_1_1' title="bbox 803 140 2187 206; baseline 0.004 -6"><span class='ocrx_word' id='word_1_1' title='bbox 803 140 1617 204; x_wconf 77' lang='lat' dir='ltr'><em>ENNEAKAIAEKATH</em></span> <span class='ocrx_word' id='word_1_2' title='bbox 2065 141 2187 206; x_wconf 86' lang='lat'><strong><em>243</em></strong></span> 
     </span>
    </p>
   </div>
   <div class='ocr_carea' id='block_1_2' title="bbox 82 215 2304 3679">
    <p class='ocr_par' dir='ltr' id='par_1_2' title="bbox 82 215 2304 3679">
     <span class='ocr_line' id='line_1_2' title="bbox 228 215 391 250; baseline 0 0"><span class='ocrx_word' id='word_1_3' title='bbox 228 225 233 234; x_wconf 88' lang='grc'><em>·</em></span> <span class='ocrx_word' id='word_1_4' title='bbox 356 215 391 250; x_wconf 68' lang='lat'>0</span> 
     </span>
     <span class='ocr_line' id='line_1_3' title="bbox 204 303 2183 403; baseline 0 -19"><span class='ocrx_word' id='word_1_5' title='bbox 204 314 318 384; x_wconf 81' lang='grc' dir='ltr'><strong><em>καὶ</em></strong></span> <span class='ocrx_word' id='word_1_6' title='bbox 353 303 392 383; x_wconf 78' lang='grc' dir='ltr'><em>ὃ</em></span> <span class='ocrx_word' id='word_1_7' title='bbox 418 312 695 403; x_wconf 81' lang='grc' dir='ltr'><strong><em>κληθεὶς</em></strong></span> <span class='ocrx_word' id='word_1_8' title='bbox 719 309 1058 394; x_wconf 76' lang='grc' dir='ltr'><strong><em>ἀθάνατος</em></strong></span> <span class='ocrx_word' id='word_1_9' title='bbox 1090 307 1215 400; x_wconf 81' lang='grc' dir='ltr'><strong><em>ὑφ’</em></strong></span> <span class='ocrx_word' id='word_1_10' title='bbox 1252 306 1447 401; x_wconf 72' lang='grc' dir='ltr'><strong><em>ὑμῶν</em></strong></span> <span class='ocrx_word' id='word_1_11' title='bbox 1486 309 1619 403; x_wconf 76' lang='grc' dir='ltr'><strong><em>ἤδη</em></strong></span> <span class='ocrx_word' id='word_1_12' title='bbox 1657 322 1904 384; x_wconf 82' lang='grc' dir='ltr'><strong><em>θανεῖν</em></strong></span> <span class='ocrx_word' id='word_1_13' title='bbox 1927 310 2183 401; x_wconf 85' lang='grc' dir='ltr'><strong><em>άπάγο-</em></strong></span> 
     </span>
     <span class='ocr_line' id='line_1_4' title="bbox 200 406 2182 507; baseline 0.001 -20"><span class='ocrx_word' id='word_1_14' title='bbox 200 446 339 507; x_wconf 89' lang='grc' dir='ltr'><strong><em>μαι.</em></strong></span> <span class='ocrx_word' id='word_1_15' title='bbox 394 417 671 488; x_wconf 77' lang='grc' dir='ltr'><strong><em>δεκτέον</em></strong></span> <span class='ocrx_word' id='word_1_16' title='bbox 714 414 791 486; x_wconf 70' lang='grc' dir='ltr'><strong><em>δὲ</em></strong></span> <span class='ocrx_word' id='word_1_17' title='bbox 828 413 954 504; x_wconf 82' lang='grc' dir='ltr'><strong><em>τὴν</em></strong></span> <span class='ocrx_word' id='word_1_18' title='bbox 995 417 1445 506; x_wconf 74' lang='grc' dir='ltr'><strong><em>πεπρωμένην</em></strong></span> <span class='ocrx_word' id='word_1_19' title='bbox 1478 406 1525 506; x_wconf 80' lang='grc' dir='ltr'><strong><em>ᾖ</em></strong></span> <span class='ocrx_word' id='word_1_20' title='bbox 1561 412 1724 497; x_wconf 80' lang='grc' dir='ltr'><strong><em>θεὸς</em></strong></span> <span class='ocrx_word' id='word_1_21' title='bbox 1748 416 2150 507; x_wconf 78' lang='grc' dir='ltr'><strong><em>βεβούληται</em></strong></span> <span class='ocrx_word' id='word_1_22' title='bbox 2166 440 2182 455; x_wconf 87' lang='grc'><em>·</em></span> 
     </span>
     <span class='ocr_line' id='line_1_5' title="bbox 199 514 2180 611; baseline 0.001 -21"><span class='ocrx_word' id='word_1_23' title='bbox 199 521 314 590; x_wconf 83' lang='grc' dir='ltr'><strong><em>καὶ</em></strong></span> <span class='ocrx_word' id='word_1_24' title='bbox 352 517 481 611; x_wconf 74' lang='grc' dir='ltr'><strong><em>γάρ</em></strong></span> <span class='ocrx_word' id='word_1_25' title='bbox 520 517 943 608; x_wconf 69' lang='grc' dir='ltr'><strong><em>βεβιώκαμεν</em></strong></span> <span class='ocrx_word' id='word_1_26' title='bbox 982 514 1247 607; x_wconf 80' lang='grc' dir='ltr'><strong><em>οὐδαμῇ</em></strong></span> <span class='ocrx_word' id='word_1_27' title='bbox 1287 517 1563 606; x_wconf 88' lang='grc' dir='ltr'><strong><em>φαύλως</em></strong></span> <span class='ocrx_word' id='word_1_28' title='bbox 1587 514 1737 589; x_wconf 76' lang='grc' dir='ltr'><strong><em>ἀλλ’</em></strong></span> <span class='ocrx_word' id='word_1_29' title='bbox 1782 522 1891 590; x_wconf 80' lang='grc' dir='ltr'><strong><em>ἐπὶ</em></strong></span> <span class='ocrx_word' id='word_1_30' title='bbox 1915 523 2031 610; x_wconf 87' lang='grc' dir='ltr'><strong><em>τῆς</em></strong></span> <span class='ocrx_word' id='word_1_31' title='bbox 2055 550 2180 610; x_wconf 82' lang='grc' dir='ltr'><strong><em>μα-</em></strong></span> 
     </span>
     <span class='ocr_line' id='line_1_6' title="bbox 198 616 2183 714; baseline 0 -21"><span class='ocrx_word' id='word_1_32' title='bbox 198 624 628 714; x_wconf 77' lang='grc' dir='ltr'><strong><em>καριζομένης</em></strong></span> <span class='ocrx_word' id='word_1_33' title='bbox 656 616 1165 712; x_wconf 86' lang='grc' dir='ltr'><strong><em>λαμπρότητος.”</em></strong></span> <span class='ocrx_word' id='word_1_34' title='bbox 1218 618 1425 692; x_wconf 82' lang='grc' dir='ltr'><strong><em>ταῦθ’</em></strong></span> <span class='ocrx_word' id='word_1_35' title='bbox 1471 617 1607 711; x_wconf 79' lang='grc' dir='ltr'><strong><em>ἅμα</em></strong></span> <span class='ocrx_word' id='word_1_36' title='bbox 1645 624 1865 709; x_wconf 80' lang='grc' dir='ltr'><strong><em>λέγων</em></strong></span> <span class='ocrx_word' id='word_1_37' title='bbox 1887 622 2183 695; x_wconf 75' lang='grc' dir='ltr'><strong><em>ἐπιτάσει</em></strong></span> 
     </span>
     <span class='ocr_line' id='line_1_7' title="bbox 137 716 2179 820; baseline -0.001 -21"><span class='ocrx_word' id='word_1_38' title='bbox 137 757 166 799; x_wconf 78' lang='lat'><strong>5</strong></span> <span class='ocrx_word' id='word_1_39' title='bbox 199 731 316 816; x_wconf 90' lang='grc' dir='ltr'><strong><em>τῆς</em></strong></span> <span class='ocrx_word' id='word_1_40' title='bbox 354 723 601 815; x_wconf 79' lang='grc' dir='ltr'><strong><em>ὀδύνης</em></strong></span> <span class='ocrx_word' id='word_1_41' title='bbox 626 740 1075 820; x_wconf 78' lang='grc' dir='ltr'><strong><em>κατεπονεῖτο.</em></strong></span> <span class='ocrx_word' id='word_1_42' title='bbox 1135 720 1301 813; x_wconf 78' lang='grc' dir='ltr'><strong><em>μετὰ</em></strong></span> <span class='ocrx_word' id='word_1_43' title='bbox 1335 730 1632 815; x_wconf 79' lang='grc' dir='ltr'><strong><em>σπουδῆς</em></strong></span> <span class='ocrx_word' id='word_1_44' title='bbox 1671 716 1799 798; x_wconf 81' lang='grc' dir='ltr'><strong><em>οὖν</em></strong></span> <span class='ocrx_word' id='word_1_45' title='bbox 1825 732 1919 808; x_wconf 85' lang='grc' dir='ltr'><strong><em>εἰς</em></strong></span> <span class='ocrx_word' id='word_1_46' title='bbox 1953 724 2030 796; x_wconf 81' lang='grc' dir='ltr'><strong><em>τὸ</em></strong></span> <span class='ocrx_word' id='word_1_47' title='bbox 2056 734 2179 817; x_wconf 87' lang='grc' dir='ltr'><strong><em>βα-</em></strong></span> 
     </span>
     <span class='ocr_line' id='line_1_8' title="bbox 198 824 2180 920; baseline 0 -21"><span class='ocrx_word' id='word_1_48' title='bbox 198 836 454 902; x_wconf 88' lang='grc' dir='ltr'><strong><em>σίλειον</em></strong></span> <span class='ocrx_word' id='word_1_49' title='bbox 480 831 804 917; x_wconf 73' lang='grc' dir='ltr'><strong><em>ἐκομίσθη</em></strong></span> <span class='ocrx_word' id='word_1_50' title='bbox 825 879 846 915; x_wconf 88' lang='grc'><em>,</em></span> <span class='ocrx_word' id='word_1_51' title='bbox 884 830 998 898; x_wconf 85' lang='grc' dir='ltr'><strong><em>καὶ</em></strong></span> <span class='ocrx_word' id='word_1_52' title='bbox 1033 830 1216 920; x_wconf 78' lang='grc' dir='ltr'><strong><em>διῇξε</em></strong></span> <span class='ocrx_word' id='word_1_53' title='bbox 1257 826 1452 916; x_wconf 96' lang='grc' dir='ltr'><strong><em>λόγος</em></strong></span> <span class='ocrx_word' id='word_1_54' title='bbox 1490 833 1586 909; x_wconf 89' lang='grc' dir='ltr'><strong><em>είς</em></strong></span> <span class='ocrx_word' id='word_1_55' title='bbox 1623 827 1876 911; x_wconf 89' lang='grc' dir='ltr'><strong><em>πάντας</em></strong></span> <span class='ocrx_word' id='word_1_56' title='bbox 1916 824 2005 910; x_wconf 76' lang='grc' dir='ltr'><strong><em>ὥς</em></strong></span> <span class='ocrx_word' id='word_1_57' title='bbox 2042 836 2180 918; x_wconf 78' lang='grc' dir='ltr'><strong><em>ἔχοι</em></strong></span> 
     </span>
     <span class='ocr_line' id='line_1_9' title="bbox 197 926 2178 1021; baseline 0.001 -20"><span class='ocrx_word' id='word_1_58' title='bbox 197 936 320 1001; x_wconf 82' lang='grc' dir='ltr'><strong><em>τοῦ</em></strong></span> <span class='ocrx_word' id='word_1_59' title='bbox 340 930 667 1002; x_wconf 75' lang='grc' dir='ltr'><strong><em>τεθνάναι</em></strong></span> <span class='ocrx_word' id='word_1_60' title='bbox 703 929 1085 1002; x_wconf 85' lang='grc' dir='ltr'><strong><em>παντάπασι</em></strong></span> <span class='ocrx_word' id='word_1_61' title='bbox 1110 927 1257 1021; x_wconf 88' lang='grc' dir='ltr'><strong><em>μετ’</em></strong></span> <span class='ocrx_word' id='word_1_62' title='bbox 1288 927 1536 1020; x_wconf 85' lang='grc' dir='ltr'><strong><em>ὀλίγον.</em></strong></span> <span class='ocrx_word' id='word_1_63' title='bbox 1585 926 1923 1021; x_wconf 79' lang='grc' dir='ltr'><strong><em>ἡπληθύς</em></strong></span> <span class='ocrx_word' id='word_1_64' title='bbox 1948 931 2026 1003; x_wconf 71' lang='grc' dir='ltr'><strong><em>δὲ</em></strong></span> <span class='ocrx_word' id='word_1_65' title='bbox 2053 930 2178 1002; x_wconf 84' lang='grc' dir='ltr'><strong><em>αύ-</em></strong></span> 
     </span>
     <span class='ocr_line' id='line_1_10' title="bbox 196 1032 2289 1123; baseline 0 -19"><span class='ocrx_word' id='word_1_66' title='bbox 196 1041 349 1105; x_wconf 87' lang='grc' dir='ltr'><strong><em>τίκα</em></strong></span> <span class='ocrx_word' id='word_1_67' title='bbox 388 1032 520 1105; x_wconf 74' lang='grc' dir='ltr'><strong><em>σύν</em></strong></span> <span class='ocrx_word' id='word_1_68' title='bbox 568 1036 836 1123; x_wconf 79' lang='grc' dir='ltr'><strong><em>γυναιξὶ</em></strong></span> <span class='ocrx_word' id='word_1_69' title='bbox 873 1035 987 1104; x_wconf 85' lang='grc' dir='ltr'><strong><em>καὶ</em></strong></span> <span class='ocrx_word' id='word_1_70' title='bbox 1028 1034 1262 1105; x_wconf 81' lang='grc' dir='ltr'><strong><em>παισὶν</em></strong></span> <span class='ocrx_word' id='word_1_71' title='bbox 1298 1036 1408 1105; x_wconf 73' lang='grc' dir='ltr'><strong><em>ἐπὶ</em></strong></span> <span class='ocrx_word' id='word_1_72' title='bbox 1447 1034 1717 1104; x_wconf 89' lang='grc' dir='ltr'><strong><em>σάκκων</em></strong></span> <span class='ocrx_word' id='word_1_73' title='bbox 1761 1046 2180 1107; x_wconf 78' lang='grc' dir='ltr'><strong><em>καθεσθεῖσα</em></strong></span> <span class='ocrx_word' id='word_1_74' title='bbox 2272 1095 2289 1113; x_wconf 29' lang='grc' dir='ltr'>κ</span> 
     </span>
     <span class='ocr_line' id='line_1_11' title="bbox 193 1132 2175 1232; baseline 0.001 -24"><span class='ocrx_word' id='word_1_75' title='bbox 193 1142 290 1232; x_wconf 74' lang='grc' dir='ltr'><strong><em>τῷ</em></strong></span> <span class='ocrx_word' id='word_1_76' title='bbox 316 1144 574 1232; x_wconf 74' lang='grc' dir='ltr'><strong><em>πατρίῳ</em></strong></span> <span class='ocrx_word' id='word_1_77' title='bbox 601 1137 787 1231; x_wconf 77' lang='grc' dir='ltr'><strong><em>νόμῳ</em></strong></span> <span class='ocrx_word' id='word_1_78' title='bbox 812 1136 932 1208; x_wconf 87' lang='grc' dir='ltr'><strong><em>τὸν</em></strong></span> <span class='ocrx_word' id='word_1_79' title='bbox 955 1134 1126 1207; x_wconf 79' lang='grc' dir='ltr'><strong><em>θεὸν</em></strong></span> <span class='ocrx_word' id='word_1_80' title='bbox 1155 1139 1454 1207; x_wconf 79' lang='grc' dir='ltr'><strong><em>ἱκέτευεν</em></strong></span> <span class='ocrx_word' id='word_1_81' title='bbox 1477 1132 1651 1227; x_wconf 73' lang='grc' dir='ltr'><strong><em>ὑπὲρ</em></strong></span> <span class='ocrx_word' id='word_1_82' title='bbox 1673 1143 1795 1207; x_wconf 83' lang='grc' dir='ltr'><strong><em>τοῦ</em></strong></span> <span class='ocrx_word' id='word_1_83' title='bbox 1821 1141 2175 1227; x_wconf 83' lang='grc' dir='ltr'><strong><em>βασιλέ’ως</em></strong></span> 
     </span>
     <span class='ocr_line' id='line_1_12' title="bbox 112 1231 2176 1342; baseline 0 -31"><span class='ocrx_word' id='word_1_84' title='bbox 112 1271 164 1312; x_wconf 79' lang='grc' dir='ltr'><strong><em>ιο</em></strong></span> <span class='ocrx_word' id='word_1_85' title='bbox 188 1245 489 1342; x_wconf 79' lang='grc' dir='ltr'><strong><em>οἰμωγῆς</em></strong></span> <span class='ocrx_word' id='word_1_86' title='bbox 515 1239 591 1310; x_wconf 73' lang='grc' dir='ltr'><strong><em>δὲ</em></strong></span> <span class='ocrx_word' id='word_1_87' title='bbox 616 1240 832 1311; x_wconf 86' lang='grc' dir='ltr'><strong><em>πάντα</em></strong></span> <span class='ocrx_word' id='word_1_88' title='bbox 867 1231 955 1330; x_wconf 79' lang='grc' dir='ltr'><strong><em>ἦν</em></strong></span> <span class='ocrx_word' id='word_1_89' title='bbox 993 1237 1296 1310; x_wconf 75' lang='grc' dir='ltr'><strong><em>ἀνάπλεα</em></strong></span> <span class='ocrx_word' id='word_1_90' title='bbox 1331 1241 1443 1311; x_wconf 85' lang='grc' dir='ltr'><strong><em>καὶ</em></strong></span> <span class='ocrx_word' id='word_1_91' title='bbox 1478 1239 1824 1331; x_wconf 85' lang='grc' dir='ltr'><strong><em>θρήνων</em></strong></span> <span class='ocrx_word' id='word_1_92' title='bbox 1813 1244 1916 1311; x_wconf 79' lang='grc' dir='ltr'><strong><em>ἐν</em></strong></span> <span class='ocrx_word' id='word_1_93' title='bbox 1939 1237 2176 1336; x_wconf 75' lang='grc' dir='ltr'><strong><em>ὖψηλω</em></strong></span> 
     </span>
     <span class='ocr_line' id='line_1_13' title="bbox 198 1339 2177 1437; baseline 0 -23"><span class='ocrx_word' id='word_1_94' title='bbox 198 1339 331 1414; x_wconf 74' lang='grc' dir='ltr'><strong><em>δὲ</em></strong></span> <span class='ocrx_word' id='word_1_95' title='bbox 300 1371 337 1413; x_wconf 92' lang='grc' dir='ltr'><strong><em>ο</em></strong></span> <span class='ocrx_word' id='word_1_96' title='bbox 363 1340 676 1432; x_wconf 77' lang='grc' dir='ltr'><strong><em>βασιλεὺς</em></strong></span> <span class='ocrx_word' id='word_1_97' title='bbox 708 1348 1019 1437; x_wconf 85' lang='grc' dir='ltr'><strong><em>δωματίω</em></strong></span> <span class='ocrx_word' id='word_1_98' title='bbox 1047 1349 1520 1433; x_wconf 79' lang='grc' dir='ltr'><strong><em>κατακείμενος</em></strong></span> <span class='ocrx_word' id='word_1_99' title='bbox 1552 1345 1665 1413; x_wconf 86' lang='grc' dir='ltr'><strong><em>κάὶ</em></strong></span> <span class='ocrx_word' id='word_1_100' title='bbox 1700 1342 1877 1413; x_wconf 88' lang='grc' dir='ltr'><strong><em>κάτω</em></strong></span> <span class='ocrx_word' id='word_1_101' title='bbox 1905 1345 2177 1432; x_wconf 80' lang='grc' dir='ltr'><strong><em>βλέπων</em></strong></span> 
     </span>
     <span class='ocr_line' id='line_1_14' title="bbox 196 1442 2179 1540; baseline 0.001 -25"><span class='ocrx_word' id='word_1_102' title='bbox 196 1443 440 1526; x_wconf 79' lang='grc' dir='ltr'><strong><em>αὐτοὺς</em></strong></span> <span class='ocrx_word' id='word_1_103' title='bbox 487 1462 761 1537; x_wconf 77' lang='grc' dir='ltr'><strong><em>πρηνεῖς</em></strong></span> <span class='ocrx_word' id='word_1_104' title='bbox 794 1453 1330 1538; x_wconf 82' lang='grc' dir='ltr'><strong><em>προσπίπτοντας</em></strong></span> <span class='ocrx_word' id='word_1_105' title='bbox 1344 1497 1364 1531; x_wconf 85' lang='grc'><em>,</em></span> <span class='ocrx_word' id='word_1_106' title='bbox 1418 1443 1716 1537; x_wconf 86' lang='grc' dir='ltr'><strong><em>αδακρυς</em></strong></span> <span class='ocrx_word' id='word_1_107' title='bbox 1768 1442 1930 1517; x_wconf 72' lang='grc' dir='ltr'><strong><em>ουδὲ</em></strong></span> <span class='ocrx_word' id='word_1_108' title='bbox 1980 1443 2179 1540; x_wconf 82' lang='grc' dir='ltr'><strong><em>αυτὸς</em></strong></span> 
     </span>
     <span class='ocr_line' id='line_1_15' title="bbox 196 1544 2304 1644; baseline 0.001 -26"><span class='ocrx_word' id='word_1_109' title='bbox 196 1552 478 1639; x_wconf 86' lang='grc' dir='ltr'><strong><em>διέμενε.</em></strong></span> <span class='ocrx_word' id='word_1_110' title='bbox 536 1570 829 1637; x_wconf 88' lang='grc' dir='ltr'><strong><em>συνεχως</em></strong></span> <span class='ocrx_word' id='word_1_111' title='bbox 867 1549 942 1620; x_wconf 71' lang='grc' dir='ltr'><strong><em>δὲ</em></strong></span> <span class='ocrx_word' id='word_1_112' title='bbox 984 1546 1094 1638; x_wconf 78' lang='grc' dir='ltr'><strong><em>ἐφ’</em></strong></span> <span class='ocrx_word' id='word_1_113' title='bbox 1127 1544 1372 1641; x_wconf 81' lang='grc' dir='ltr'><strong><em>ἡμέρας</em></strong></span> <span class='ocrx_word' id='word_1_114' title='bbox 1402 1550 1600 1620; x_wconf 81' lang='grc' dir='ltr'><strong><em>πέντε</em></strong></span> <span class='ocrx_word' id='word_1_115' title='bbox 1627 1554 1724 1644; x_wconf 74' lang='grc' dir='ltr'><strong><em>τῷ</em></strong></span> <span class='ocrx_word' id='word_1_116' title='bbox 1750 1554 1876 1637; x_wconf 88' lang='grc' dir='ltr'><strong><em>τῆς</em></strong></span> <span class='ocrx_word' id='word_1_117' title='bbox 1894 1548 2177 1640; x_wconf 82' lang='grc' dir='ltr'><strong><em>γαστρὸς</em></strong></span> <span class='ocrx_word' id='word_1_118' title='bbox 2297 1621 2304 1632; x_wconf 77' lang='grc'><strong>,</strong></span> 
     </span>
     <span class='ocr_line' id='line_1_16' title="bbox 190 1649 2168 1744; baseline 0.001 -23"><span class='ocrx_word' id='word_1_119' title='bbox 190 1649 520 1743; x_wconf 72' lang='grc' dir='ltr'><strong><em>ἀλγήματι</em></strong></span> <span class='ocrx_word' id='word_1_120' title='bbox 559 1654 985 1744; x_wconf 72' lang='grc' dir='ltr'><strong><em>διεργασθεὶς</em></strong></span> <span class='ocrx_word' id='word_1_121' title='bbox 1022 1650 1142 1724; x_wconf 82' lang='grc' dir='ltr'><strong><em>τὸν</em></strong></span> <span class='ocrx_word' id='word_1_122' title='bbox 1185 1659 1341 1742; x_wconf 88' lang='grc' dir='ltr'><strong><em>βίον</em></strong></span> <span class='ocrx_word' id='word_1_123' title='bbox 1376 1653 1853 1744; x_wconf 74' lang='grc' dir='ltr'><strong><em>κατέστρεψεν,</em></strong></span> <span class='ocrx_word' id='word_1_124' title='bbox 1894 1649 2025 1723; x_wconf 83' lang='grc' dir='ltr'><strong><em>άπὸ</em></strong></span> <span class='ocrx_word' id='word_1_125' title='bbox 2056 1680 2168 1742; x_wconf 80' lang='grc' dir='ltr'><strong><em>γε·</em></strong></span> 
     </span>
     <span class='ocr_line' id='line_1_17' title="bbox 108 1752 2170 1847; baseline -0.002 -17"><span class='ocrx_word' id='word_1_126' title='bbox 108 1790 159 1830; x_wconf 76' lang='lat'><strong><em>15</em></strong></span> <span class='ocrx_word' id='word_1_127' title='bbox 193 1759 438 1836; x_wconf 87' lang='grc' dir='ltr'><strong><em>νέσεως</em></strong></span> <span class='ocrx_word' id='word_1_128' title='bbox 461 1752 649 1844; x_wconf 73' lang='grc' dir='ltr'><strong><em>ἄγων</em></strong></span> <span class='ocrx_word' id='word_1_129' title='bbox 674 1753 1122 1847; x_wconf 82' lang='grc' dir='ltr'><strong><em>πεντηκοστὸν</em></strong></span> <span class='ocrx_word' id='word_1_130' title='bbox 1152 1762 1296 1838; x_wconf 82' lang='grc' dir='ltr'><strong><em>ἔτος</em></strong></span> <span class='ocrx_word' id='word_1_131' title='bbox 1324 1757 1437 1826; x_wconf 85' lang='grc' dir='ltr'><strong><em>καὶ</em></strong></span> <span class='ocrx_word' id='word_1_132' title='bbox 1459 1756 1807 1846; x_wconf 80' lang='grc' dir='ltr'><strong><em>τέταρτον,</em></strong></span> <span class='ocrx_word' id='word_1_133' title='bbox 1835 1760 1966 1844; x_wconf 84' lang='grc' dir='ltr'><strong><em>τῆς,</em></strong></span> <span class='ocrx_word' id='word_1_134' title='bbox 1976 1764 2170 1845; x_wconf 86' lang='grc' dir='ltr'><strong><em>βασι-</em></strong></span> 
     </span>
     <span class='ocr_line' id='line_1_18' title="bbox 189 1850 2168 1955; baseline 0 -27"><span class='ocrx_word' id='word_1_135' title='bbox 189 1865 372 1941; x_wconf 83' lang='grc' dir='ltr'><strong><em>λείας</em></strong></span> <span class='ocrx_word' id='word_1_136' title='bbox 398 1858 475 1951; x_wconf 65' lang='grc' dir='ltr'><strong><em>δὲ</em></strong></span> <span class='ocrx_word' id='word_1_137' title='bbox 500 1862 810 1949; x_wconf 77' lang='grc' dir='ltr'><strong><em>ἕβδομον.</em></strong></span> <span class='ocrx_word' id='word_1_138' title='bbox 865 1860 1177 1950; x_wconf 80' lang='grc' dir='ltr'><strong><em>τέτταρας</em></strong></span> <span class='ocrx_word' id='word_1_139' title='bbox 1200 1858 1327 1949; x_wconf 73' lang='grc' dir='ltr'><strong><em>μὲν</em></strong></span> <span class='ocrx_word' id='word_1_140' title='bbox 1353 1850 1480 1929; x_wconf 80' lang='grc' dir='ltr'><strong><em>οὖν</em></strong></span> <span class='ocrx_word' id='word_1_141' title='bbox 1515 1861 1625 1929; x_wconf 78' lang='grc' dir='ltr'><strong><em>ἐπὶ</em></strong></span> <span class='ocrx_word' id='word_1_142' title='bbox 1661 1865 1873 1955; x_wconf 81' lang='grc' dir='ltr'><strong><em>Γαΐου</em></strong></span> <span class='ocrx_word' id='word_1_143' title='bbox 1911 1865 2168 1929; x_wconf 80' lang='grc' dir='ltr'><strong><em>Καίσα-</em></strong></span> 
     </span>
     <span class='ocr_line' id='line_1_19' title="bbox 189 1961 2166 2058; baseline -0.001 -26"><span class='ocrx_word' id='word_1_144' title='bbox 189 1988 305 2050; x_wconf 90' lang='grc' dir='ltr'><strong><em>ρος</em></strong></span> <span class='ocrx_word' id='word_1_145' title='bbox 344 1966 778 2058; x_wconf 79' lang='grc' dir='ltr'><strong><em>ἐβασίλευσεν</em></strong></span> <span class='ocrx_word' id='word_1_146' title='bbox 816 1961 1196 2046; x_wconf 84' lang='grc' dir='ltr'><strong><em>ἐνιαυτούς,</em></strong></span> <span class='ocrx_word' id='word_1_147' title='bbox 1212 1966 1345 2049; x_wconf 75' lang='grc' dir='ltr'><strong><em>’τῆς</em></strong></span> <span class='ocrx_word' id='word_1_148' title='bbox 1370 1968 1715 2032; x_wconf 85' lang='grc' dir='ltr'><strong><em>Φιλίππου</em></strong></span> <span class='ocrx_word' id='word_1_149' title='bbox 1725 1961 1869 2049; x_wconf 73' lang='grc' dir='ltr'><strong><em>’μὲν</em></strong></span> <span class='ocrx_word' id='word_1_150' title='bbox 1893 1987 2166 2052; x_wconf 86' lang='grc' dir='ltr'><strong><em>τετραρ-</em></strong></span> 
     </span>
     <span class='ocr_line' id='line_1_20' title="bbox 189 2058 2166 2156; baseline 0 -23"><span class='ocrx_word' id='word_1_151' title='bbox 189 2070 335 2151; x_wconf 82' lang='grc' dir='ltr'><strong><em>χίας</em></strong></span> <span class='ocrx_word' id='word_1_152' title='bbox 376 2069 470 2144; x_wconf 83' lang='grc' dir='ltr'><strong><em>εἰς·</em></strong></span> <span class='ocrx_word' id='word_1_153' title='bbox 507 2069 803 2153; x_wconf 78' lang='grc' dir='ltr'><strong><em>τριετίαν</em></strong></span> <span class='ocrx_word' id='word_1_154' title='bbox 843 2060 1076 2154; x_wconf 81' lang='grc' dir='ltr'><strong><em>ἄρξας,</em></strong></span> <span class='ocrx_word' id='word_1_155' title='bbox 1117 2068 1211 2155; x_wconf 75' lang='grc' dir='ltr'><strong><em>τῷ</em></strong></span> <span class='ocrx_word' id='word_1_156' title='bbox 1248 2062 1541 2156; x_wconf 78' lang='grc' dir='ltr'><strong><em>τετάρτῳ</em></strong></span> <span class='ocrx_word' id='word_1_157' title='bbox 1568 2062 1644 2132; x_wconf 70' lang='grc' dir='ltr'><strong><em>δὲ</em></strong></span> <span class='ocrx_word' id='word_1_158' title='bbox 1673 2065 1787 2149; x_wconf 83' lang='grc' dir='ltr'><strong><em>καὶ</em></strong></span> <span class='ocrx_word' id='word_1_159' title='bbox 1812 2061 1939 2152; x_wconf 85' lang='grc' dir='ltr'><strong><em>τῆν</em></strong></span> <span class='ocrx_word' id='word_1_160' title='bbox 1956 2058 2166 2152; x_wconf 85' lang='grc' dir='ltr'><strong><em>Ἡρω-</em></strong></span> 
     </span>
     <span class='ocr_line' id='line_1_21' title="bbox 186 2161 2170 2264; baseline 0.001 -29.002"><span class='ocrx_word' id='word_1_161' title='bbox 186 2171 317 2236; x_wconf 89' lang='grc' dir='ltr'><strong><em>δου</em></strong></span> <span class='ocrx_word' id='word_1_162' title='bbox 338 2164 841 2264; x_wconf 71' lang='grc' dir='ltr'><strong><em>προσειληφώς,</em></strong></span> <span class='ocrx_word' id='word_1_163' title='bbox 867 2180 1046 2256; x_wconf 72' lang='grc' dir='ltr'><strong><em>τρεῖς</em></strong></span> <span class='ocrx_word' id='word_1_164' title='bbox 1073 2165 1147 2235; x_wconf 72' lang='grc' dir='ltr'><strong><em>δὲ</em></strong></span> <span class='ocrx_word' id='word_1_165' title='bbox 1175 2161 1517 2253; x_wconf 76' lang='grc' dir='ltr'><strong><em>ἐπιλαβων</em></strong></span> <span class='ocrx_word' id='word_1_166' title='bbox 1542 2166 1651 2235; x_wconf 79' lang='grc' dir='ltr'><strong><em>ἐπὶ</em></strong></span> <span class='ocrx_word' id='word_1_167' title='bbox 1676 2170 1792 2254; x_wconf 88' lang='grc' dir='ltr'><strong><em>τῆς</em></strong></span> <span class='ocrx_word' id='word_1_168' title='bbox 1816 2170 2170 2237; x_wconf 87' lang='grc' dir='ltr'><strong><em>Κλαυδίου</em></strong></span> 
     </span>
     <span class='ocr_line' id='line_1_22' title="bbox 95 2262 2172 2360; baseline -0.002 -17"><span class='ocrx_word' id='word_1_169' title='bbox 95 2302 154 2344; x_wconf 69' lang='grc' dir='ltr'><strong><em>αο</em></strong></span> <span class='ocrx_word' id='word_1_170' title='bbox 184 2275 522 2360; x_wconf 88' lang='grc' dir='ltr'><strong><em>Καίσαρος</em></strong></span> <span class='ocrx_word' id='word_1_171' title='bbox 549 2265 1100 2360; x_wconf 77' lang='grc' dir='ltr'><strong><em>αὐτοκρατορίας,</em></strong></span> <span class='ocrx_word' id='word_1_172' title='bbox 1140 2269 1218 2339; x_wconf 79' lang='grc' dir='ltr'><strong><em>έν</em></strong></span> <span class='ocrx_word' id='word_1_173' title='bbox 1254 2262 1355 2349; x_wconf 84' lang='grc' dir='ltr'><strong><em>οἷς</em></strong></span> <span class='ocrx_word' id='word_1_174' title='bbox 1392 2294 1531 2337; x_wconf 90' lang='grc' dir='ltr'><strong><em>των</em></strong></span> <span class='ocrx_word' id='word_1_175' title='bbox 1564 2295 1637 2337; x_wconf 90' lang='grc' dir='ltr'><strong><em>τε</em></strong></span> <span class='ocrx_word' id='word_1_176' title='bbox 1667 2269 2172 2359; x_wconf 82' lang='grc' dir='ltr'><strong><em>προειρημένων</em></strong></span> 
     </span>
     <span class='ocr_line' id='line_1_23' title="bbox 181 2368 2167 2462; baseline -0.001 -18"><span class='ocrx_word' id='word_1_177' title='bbox 181 2374 573 2461; x_wconf 78' lang='grc' dir='ltr'><strong><em>ἐβασίλευσε</em></strong></span> <span class='ocrx_word' id='word_1_178' title='bbox 602 2372 717 2441; x_wconf 80' lang='grc' dir='ltr'><strong><em>καὶ</em></strong></span> <span class='ocrx_word' id='word_1_179' title='bbox 738 2369 864 2461; x_wconf 79' lang='grc' dir='ltr'><strong><em>τῆν</em></strong></span> <span class='ocrx_word' id='word_1_180' title='bbox 882 2368 1216 2442; x_wconf 85' lang='grc' dir='ltr'><strong><em>Ἰουδαίαν</em></strong></span> <span class='ocrx_word' id='word_1_181' title='bbox 1243 2370 1616 2462; x_wconf 75' lang='grc' dir='ltr'><strong><em>προσέλαβε</em></strong></span> <span class='ocrx_word' id='word_1_182' title='bbox 1630 2422 1653 2459; x_wconf 82' lang='grc'>,</span> <span class='ocrx_word' id='word_1_183' title='bbox 1682 2369 2072 2461; x_wconf 88' lang='grc' dir='ltr'><strong><em>Σαμάρειάν</em></strong></span> <span class='ocrx_word' id='word_1_184' title='bbox 2094 2399 2167 2448; x_wconf 88' lang='grc' dir='ltr'><strong><em>τε</em></strong></span> 
     </span>
     <span class='ocr_line' id='line_1_24' title="bbox 181 2469 2167 2567; baseline 0.001 -23"><span class='ocrx_word' id='word_1_185' title='bbox 181 2477 294 2545; x_wconf 87' lang='grc' dir='ltr'><strong><em>καὶ</em></strong></span> <span class='ocrx_word' id='word_1_186' title='bbox 324 2476 758 2567; x_wconf 84' lang='grc' dir='ltr'><strong><em>Καισάρειαν.</em></strong></span> <span class='ocrx_word' id='word_1_187' title='bbox 813 2473 1329 2565; x_wconf 81' lang='grc' dir='ltr'><strong><em>προσωδεύσατο</em></strong></span> <span class='ocrx_word' id='word_1_188' title='bbox 1356 2469 1511 2544; x_wconf 74' lang='grc' dir='ltr'><strong><em>δὲ“</em></strong></span> <span class='ocrx_word' id='word_1_189' title='bbox 1472 2500 1574 2544; x_wconf 91' lang='grc' dir='ltr'><strong><em>οτι</em></strong></span> <span class='ocrx_word' id='word_1_190' title='bbox 1599 2480 1912 2556; x_wconf 86' lang='grc' dir='ltr'><strong><em>πλείστας</em></strong></span> <span class='ocrx_word' id='word_1_191' title='bbox 1940 2471 2167 2546; x_wconf 79' lang='grc' dir='ltr'><strong><em>αὐτων</em></strong></span> 
     </span>
     <span class='ocr_line' id='line_1_25' title="bbox 181 2574 2294 2676; baseline 0 -28"><span class='ocrx_word' id='word_1_192' title='bbox 181 2579 600 2670; x_wconf 88' lang='grc' dir='ltr'><strong><em>προσφοράς,</em></strong></span> <span class='ocrx_word' id='word_1_193' title='bbox 655 2584 999 2660; x_wconf 87' lang='grc' dir='ltr'><strong><em>διακοσίας</em></strong></span> <span class='ocrx_word' id='word_1_194' title='bbox 1048 2580 1159 2649; x_wconf 80' lang='grc' dir='ltr'><strong><em>ἐπὶ</em></strong></span> <span class='ocrx_word' id='word_1_195' title='bbox 1218 2584 1463 2666; x_wconf 86' lang='grc' dir='ltr'><strong><em>χιλίαις</em></strong></span> <span class='ocrx_word' id='word_1_196' title='bbox 1516 2574 1864 2670; x_wconf 82' lang='grc' dir='ltr'><strong><em>μυριάδας.</em></strong></span> <span class='ocrx_word' id='word_1_197' title='bbox 1953 2576 2166 2648; x_wconf 91' lang='grc' dir='ltr'><strong><em>πολλα</em></strong></span> <span class='ocrx_word' id='word_1_198' title='bbox 2281 2658 2294 2676; x_wconf 25' lang='grc' dir='ltr'>ἱ</span> 
     </span>
     <span class='ocr_line' id='line_1_26' title="bbox 178 2678 2160 2775; baseline 0.001 -24"><span class='ocrx_word' id='word_1_199' title='bbox 178 2683 407 2770; x_wconf 82' lang='grc' dir='ltr'><strong><em>μέντοι</em></strong></span> <span class='ocrx_word' id='word_1_200' title='bbox 436 2686 1030 2772; x_wconf 85' lang='grc' dir='ltr'><strong><em>προσεδανείσατο·</em></strong></span> <span class='ocrx_word' id='word_1_201' title='bbox 1081 2710 1174 2775; x_wconf 89' lang='grc' dir='ltr'><strong><em>τω</em></strong></span> <span class='ocrx_word' id='word_1_202' title='bbox 1200 2679 1331 2772; x_wconf 78' lang='grc' dir='ltr'><strong><em>γὰρ</em></strong></span> <span class='ocrx_word' id='word_1_203' title='bbox 1358 2678 1736 2771; x_wconf 82' lang='grc' dir='ltr'><strong><em>φιλόδωρος</em></strong></span> <span class='ocrx_word' id='word_1_204' title='bbox 1758 2679 1931 2750; x_wconf 81' lang='grc' dir='ltr'><strong><em>εἶναι</em></strong></span> <span class='ocrx_word' id='word_1_205' title='bbox 1963 2685 2160 2765; x_wconf 82' lang='grc' dir='ltr'><strong><em>δαψι-</em></strong></span> 
     </span>
     <span class='ocr_line' id='line_1_27' title="bbox 82 2774 2166 2875; baseline -0.002 -18"><span class='ocrx_word' id='word_1_206' title='bbox 82 2819 144 2858; x_wconf 77' lang='lat'><strong><em>25</em></strong></span> <span class='ocrx_word' id='word_1_207' title='bbox 184 2786 463 2875; x_wconf 82' lang='grc' dir='ltr'><strong><em>λέστερα</em></strong></span> <span class='ocrx_word' id='word_1_208' title='bbox 522 2811 661 2853; x_wconf 88' lang='grc' dir='ltr'><strong><em>των</em></strong></span> <span class='ocrx_word' id='word_1_209' title='bbox 711 2783 1128 2872; x_wconf 85' lang='grc' dir='ltr'><strong><em>προσιόντων</em></strong></span> <span class='ocrx_word' id='word_1_210' title='bbox 1176 2780 1569 2873; x_wconf 80' lang='grc' dir='ltr'><strong><em>ἀνήλισκεν·</em></strong></span> <span class='ocrx_word' id='word_1_211' title='bbox 1651 2774 1738 2872; x_wconf 84' lang='grc' dir='ltr'><strong><em>ἦν</em></strong></span> <span class='ocrx_word' id='word_1_212' title='bbox 1779 2781 1853 2853; x_wconf 72' lang='grc' dir='ltr'><strong><em>δὲ</em></strong></span> <span class='ocrx_word' id='word_1_213' title='bbox 1892 2779 2166 2872; x_wconf 73' lang='grc' dir='ltr'><strong><em>ἀφειδὲς</em></strong></span> 
     </span>
     <span class='ocr_line' id='line_1_28' title="bbox 174 2884 892 2976; baseline -0.01 -15"><span class='ocrx_word' id='word_1_214' title='bbox 174 2886 393 2960; x_wconf 84' lang='grc' dir='ltr'><strong><em>αυτοῦ</em></strong></span> <span class='ocrx_word' id='word_1_215' title='bbox 418 2885 494 2957; x_wconf 81' lang='grc' dir='ltr'><strong><em>τὸ</em></strong></span> <span class='ocrx_word' id='word_1_216' title='bbox 520 2884 892 2976; x_wconf 86' lang='grc' dir='ltr'><strong><em>φιλότιμον.</em></strong></span> 
     </span>
     <span class='ocr_line' id='line_1_29' title="bbox 327 2987 2225 3080; baseline -0.002 -18.929"><span class='ocrx_word' id='word_1_217' title='bbox 327 2988 785 3080; x_wconf 76' lang='grc' dir='ltr'><strong><em>ἀγνοουμένης</em></strong></span> <span class='ocrx_word' id='word_1_218' title='bbox 809 3016 887 3077; x_wconf 85' lang='grc' dir='ltr'><strong><em>γε</em></strong></span> <span class='ocrx_word' id='word_1_219' title='bbox 919 2987 1053 3080; x_wconf 80' lang='grc' dir='ltr'><strong><em>μὴν</em></strong></span> <span class='ocrx_word' id='word_1_220' title='bbox 1076 3004 1215 3070; x_wconf 74' lang='grc' dir='ltr'><strong><em>τοῖς</em></strong></span> <span class='ocrx_word' id='word_1_221' title='bbox 1241 2987 1530 3080; x_wconf 83' lang='grc' dir='ltr'><strong><em>πλήθεσι</em></strong></span> <span class='ocrx_word' id='word_1_222' title='bbox 1564 2993 1680 3078; x_wconf 90' lang='grc' dir='ltr'><strong><em>τῆς</em></strong></span> <span class='ocrx_word' id='word_1_223' title='bbox 1722 2990 2006 3078; x_wconf 79' lang='grc' dir='ltr'><strong><em>ἐκπνοῆς</em></strong></span> <span class='ocrx_word' id='word_1_224' title='bbox 2031 2987 2154 3059; x_wconf 77' lang='grc' dir='ltr'><strong><em>αὖ·</em></strong></span> <span class='ocrx_word' id='word_1_225' title='bbox 2189 3013 2225 3069; x_wconf 83' lang='grc'>3</span> 
     </span>
     <span class='ocr_line' id='line_1_30' title="bbox 173 3084 2157 3184; baseline -0.002 -19"><span class='ocrx_word' id='word_1_226' title='bbox 173 3099 329 3182; x_wconf 80' lang='grc' dir='ltr'><strong><em>τοῦ,</em></strong></span> <span class='ocrx_word' id='word_1_227' title='bbox 365 3091 963 3184; x_wconf 86' lang='grc' dir='ltr'><strong><em>συμφρονήσαντες</em></strong></span> <span class='ocrx_word' id='word_1_228' title='bbox 987 3087 1288 3184; x_wconf 72' lang='grc' dir='ltr'><strong><em>Ἡρώδης</em></strong></span> <span class='ocrx_word' id='word_1_229' title='bbox 1324 3084 1398 3163; x_wconf 70' lang='grc' dir='ltr'><strong><em>τε</em></strong></span> <span class='ocrx_word' id='word_1_230' title='bbox 1434 3087 1472 3161; x_wconf 83' lang='grc' dir='ltr'>ὁ</span> <span class='ocrx_word' id='word_1_231' title='bbox 1509 3096 1624 3181; x_wconf 88' lang='grc' dir='ltr'><strong><em>τῆς</em></strong></span> <span class='ocrx_word' id='word_1_232' title='bbox 1662 3092 1998 3172; x_wconf 86' lang='grc' dir='ltr'><strong><em>Χαλκίδος</em></strong></span> <span class='ocrx_word' id='word_1_233' title='bbox 2036 3098 2157 3164; x_wconf 87' lang='grc' dir='ltr'><strong><em>δυ-</em></strong></span> 
     </span>
     <span class='ocr_line' id='line_1_31' title="bbox 174 3190 2162 3286; baseline 0 -20"><span class='ocrx_word' id='word_1_234' title='bbox 174 3195 523 3268; x_wconf 83' lang='grc' dir='ltr'><strong><em>ναστεύων</em></strong></span> <span class='ocrx_word' id='word_1_235' title='bbox 547 3198 662 3266; x_wconf 81' lang='grc' dir='ltr'><strong><em>καὶ</em></strong></span> <span class='ocrx_word' id='word_1_236' title='bbox 679 3190 990 3277; x_wconf 64' lang='grc' dir='ltr'><strong><em>Ελκίας’</em></strong></span> <span class='ocrx_word' id='word_1_237' title='bbox 960 3223 997 3265; x_wconf 94' lang='grc' dir='ltr'><strong><em>ο</em></strong></span> <span class='ocrx_word' id='word_1_238' title='bbox 1024 3200 1305 3286; x_wconf 77' lang='grc' dir='ltr'><strong><em>ἔπαρχος</em></strong></span> <span class='ocrx_word' id='word_1_239' title='bbox 1330 3195 1445 3264; x_wconf 82' lang='grc' dir='ltr'><strong><em>καὶ</em></strong></span> <span class='ocrx_word' id='word_1_240' title='bbox 1470 3201 1665 3284; x_wconf 84' lang='grc' dir='ltr'><strong><em>φίλος</em></strong></span> <span class='ocrx_word' id='word_1_241' title='bbox 1688 3200 1812 3265; x_wconf 82' lang='grc' dir='ltr'><strong><em>τοῦ</em></strong></span> <span class='ocrx_word' id='word_1_242' title='bbox 1834 3197 2162 3283; x_wconf 88' lang='grc' dir='ltr'><strong><em>βασιλέως</em></strong></span> 
     </span>
     <span class='ocr_line' id='line_1_32' title="bbox 83 3294 2159 3425; baseline -0 -55"><span class='ocrx_word' id='word_1_243' title='bbox 83 3327 144 3370; x_wconf 74' lang='grc' dir='ltr'><strong><em>3ο</em></strong></span> <span class='ocrx_word' id='word_1_244' title='bbox 168 3295 534 3388; x_wconf 85' lang='grc' dir='ltr'><strong><em>Ἀρίστωνα</em></strong></span> <span class='ocrx_word' id='word_1_245' title='bbox 561 3306 889 3397; x_wconf 78' lang='grc' dir='ltr'><strong><em>ἔπεμψαν,</em></strong></span> <span class='ocrx_word' id='word_1_246' title='bbox 913 3323 1050 3425; x_wconf 81' lang='grc' dir='ltr'><strong><em>των</em></strong></span> <span class='ocrx_word' id='word_1_247' title='bbox 1074 3294 1433 3389; x_wconf 78' lang='grc' dir='ltr'><strong><em>ὑπηρετων</em></strong></span> <span class='ocrx_word' id='word_1_248' title='bbox 1457 3295 1578 3367; x_wconf 83' lang='grc' dir='ltr'><strong><em>τὸν</em></strong></span> <span class='ocrx_word' id='word_1_249' title='bbox 1604 3296 2159 3387; x_wconf 78' lang='grc' dir='ltr'><strong><em>ἐπιτηδειότατον,</em></strong></span> 
     </span>
     <span class='ocr_line' id='line_1_33' title="bbox 172 3390 2166 3494; baseline -0.001 -22"><span class='ocrx_word' id='word_1_250' title='bbox 172 3402 291 3472; x_wconf 83' lang='grc' dir='ltr'><strong><em>καὶ</em></strong></span> <span class='ocrx_word' id='word_1_251' title='bbox 316 3407 534 3472; x_wconf 83' lang='grc' dir='ltr'><strong><em>Σίλαν</em></strong></span> <span class='ocrx_word' id='word_1_252' title='bbox 558 3399 828 3494; x_wconf 82' lang='grc' dir='ltr'><strong><em>(ἐχθρὸς</em></strong></span> <span class='ocrx_word' id='word_1_253' title='bbox 852 3429 982 3493; x_wconf 85' lang='grc' dir='ltr'><strong><em>γαρ</em></strong></span> <span class='ocrx_word' id='word_1_254' title='bbox 1007 3390 1096 3492; x_wconf 82' lang='grc' dir='ltr'><strong><em>ἦν</em></strong></span> <span class='ocrx_word' id='word_1_255' title='bbox 1119 3399 1377 3488; x_wconf 71' lang='grc' dir='ltr'><strong><em>αὐτοῖς)</em></strong></span> <span class='ocrx_word' id='word_1_256' title='bbox 1404 3397 1797 3489; x_wconf 77' lang='grc' dir='ltr'><strong><em>ἀπέσφαξαν</em></strong></span> <span class='ocrx_word' id='word_1_257' title='bbox 1823 3426 1912 3482; x_wconf 88' lang='grc' dir='ltr'><strong><em>ως</em></strong></span> <span class='ocrx_word' id='word_1_258' title='bbox 1932 3400 2015 3491; x_wconf 84' lang='grc' dir='ltr'><strong><em>δὴ</em></strong></span> <span class='ocrx_word' id='word_1_259' title='bbox 2042 3404 2166 3471; x_wconf 77' lang='grc' dir='ltr'><strong><em>τοῦ</em></strong></span> 
     </span>
     <span class='ocr_line' id='line_1_34' title="bbox 173 3503 983 3595; baseline 0.008 -21"><span class='ocrx_word' id='word_1_260' title='bbox 173 3503 503 3595; x_wconf 86' lang='grc' dir='ltr'><strong><em>βασιλέως</em></strong></span> <span class='ocrx_word' id='word_1_261' title='bbox 527 3505 983 3589; x_wconf 79' lang='grc' dir='ltr'><strong><em>κελεύσαντος.</em></strong></span> 
     </span>
     <span class='ocr_line' id='line_1_35' title="bbox 1620 3614 1748 3679; baseline 0.016 -2"><span class='ocrx_word' id='word_1_262' title='bbox 1620 3614 1697 3679; x_wconf 87' lang='grc'><strong><em>16</em></strong></span> <span class='ocrx_word' id='word_1_263' title='bbox 1712 3617 1748 3657; x_wconf 82' lang='grc'>*</span> 
     </span>
    </p>
   </div>
  </div>
 </body>
</html>
