2500 3882
1038 136 1424 196 ΕΙΚΟΣΤΗ
2088 137 2211 199 259

219 307 403 402 παρὰ
427 316 550 380 τοῦ
575 307 871 398 Πάρθου
907 315 1280 397 πεμφθείς,
1320 303 1395 390 ὃς
1434 306 1557 398 τὴν
1588 307 1879 400 Πάρθου
1915 308 2208 399 δύναμιν

218 410 345 503 ὅση
386 418 486 495 τίς
516 415 698 484 ἐστιν
715 408 1072 501 ἤγγελλεν,
1112 407 1242 484 ἀπὸ
1272 408 1645 501 Εὐφράτου
1670 419 1975 502 ποταμοῦ
2009 414 2203 506 μέχρι

216 516 541 605 Βάκτρων
582 512 740 597 τοῦς
788 511 992 606 ὅρους
1019 510 1225 603 αὐτῆς
1268 516 1648 604 τιθέμενος,
1692 516 1806 585 καὶ
1837 511 1998 597 τοῦς
2022 511 2199 605 ὑπη-

214 619 421 701 κόους
461 615 670 708 αὐτῆς
711 619 1023 706 βασιλέας
1067 619 1471 706 καταλέγων.
1539 613 1800 707 ἠπείλει
1840 618 1917 689 δὲ
1957 618 2203 689 δαίσειν

155 747 184 786 ε
221 718 433 792 αὐτὸν
460 727 652 803 δίκας
679 716 1038 810 ἀχάριστον
1083 721 1238 811 περὶ
1280 718 1605 802 δεσπότας
1630 718 1789 802 τούς
1816 722 2063 794 ἑαυτοῦ
2087 749 2205 812 γε-

216 824 528 914 νόμενον,
561 824 674 896 καὶ
702 823 991 914 ῥύεσθαι
1017 829 1155 893 των
1182 826 1508 912 βασιλέως
1524 818 1739 908 αὐτὸν
1765 830 2011 917 χειρῶν
2044 820 2206 895 οῦδὲ

216 926 337 998 τὸν
391 926 562 998 θεὸν
615 923 697 998 ὃν
750 928 934 1015 σέβει
972 922 1414 1015 δυνήσεσθαι.
1494 932 1704 996 ταῦτα
1749 934 1871 997 τοῦ
1913 922 2205 1017 ἀγγέλου

217 1030 598 1120 φράσαντος
613 1082 632 1118 ,
670 1024 707 1101 ὁ
729 1025 966 1118 Ἰζάτης
995 1030 1249 1100 εἰδέναι
1276 1029 1404 1117 μὲν
1428 1026 1552 1118 τὴν
1577 1029 1885 1120 Πάρθων
1912 1031 2206 1120 δύναμιν

217 1139 347 1221 ἔφη
374 1132 550 1203 πολῦ
578 1140 693 1222 τῆς
719 1129 936 1204 αὑτοῦ
983 1135 1478 1220 διαφέρουσαν,
1520 1132 1922 1220 γιγνώσκειν
1962 1130 2032 1203 δ’
2077 1124 2207 1204 οὖν

126 1260 181 1301 10
217 1243 315 1306 ἔτι
339 1243 595 1326 μᾶλλον
621 1233 1013 1325 ἀνθρώπων
1035 1235 1310 1304 πάντων
1328 1241 1515 1322 ἔλεγε
1548 1241 1836 1325 κρείσσω
1865 1234 1986 1306 τὸν
2011 1236 2202 1306 θεόν.

216 1340 332 1409 καὶ
390 1337 707 1428 τοιαύτην
758 1337 924 1420 δοὺς
981 1335 1127 1428 τὴν,
1160 1334 1518 1428 ἀπόκρισιν
1569 1338 1680 1407 ἐπὶ
1730 1336 1856 1427 τὴν
1916 1343 2205 1410 ἱκετείαν

214 1445 526 1531 ἐτρέπετο
565 1447 687 1511 τοῦ
727 1448 934 1527 θεοῦ,
975 1447 1186 1530 χαμαί
1217 1467 1291 1510 τε
1332 1444 1534 1529 ῥίψας
1577 1435 1785 1511 αὑτὸν
1827 1443 1940 1511 καὶ
1972 1447 2201 1534 σποδῷ

214 1543 340 1633 τὴν
376 1543 681 1634 κεφαλὴν
721 1545 1166 1633 καταισχύνας
1202 1542 1369 1631 μετὰ
1406 1549 1754 1631 γυναικοῖν
1791 1545 1908 1614 καὶ
1946 1546 2201 1615 τέκνων

211 1646 603 1738 ἐνήστευεν,
645 1645 1005 1718 ἀνακαλῶν
1043 1644 1164 1718 τὸν
1206 1642 1382 1716 θεὸν
1422 1648 1534 1716 καὶ
1571 1647 1787 1735 λέγων
1808 1643 1921 1718 “sl
1951 1646 2040 1737 μὴ
2069 1647 2198 1738 μά-
2267 1659 2278 1666 “

121 1779 171 1818 15
210 1779 365 1840 την,
409 1742 465 1822 ὦ
504 1754 803 1822 δέσποτα
825 1746 1053 1840 κύριε,
1094 1755 1210 1839 τῆς
1236 1757 1357 1839 σῆς
1385 1749 1712 1839 ἐγενόμην
1736 1750 2197 1841 χρηστότητος,

209 1862 347 1924 τῶν
384 1855 659 1929 πάντων
698 1854 776 1923 δὲ
814 1860 1089 1934 δικαίως
1147 1852 1359 1943 μόνον
1400 1852 1730 1943 δεσπότην
1771 1856 1884 1924 καὶ
1927 1859 2198 1947 πρῶτον

209 1955 458 2047 ἥγημαι
510 1954 892 2047 προνοητὴν
952 1959 1067 2029 καὶ
1116 1957 1387 2044 κύριον,
1437 1956 1597 2027 ἐλθὲ
1641 1956 2015 2046 σύμμαχος,
2072 1954 2196 2044 οὐχ

209 2058 381 2150 ὑπὲρ
411 2065 578 2151 ἐμοῦ
602 2060 815 2150 μόνον
842 2058 1264 2151 ἀμυνόμενος
1289 2055 1445 2140 τούς
1469 2065 1861 2146 πολεμίους,
1904 2055 2055 2129 ἀλλ’
2092 2055 2204 2131 ὅτι,

209 2165 324 2233 καὶ
362 2171 478 2253 τῆς
519 2169 642 2252 σῆς
680 2162 1029 2252 δυνάμεως
1065 2156 1670 2250 κατατετολμήκασι
1713 2163 1826 2230 καὶ
1860 2170 2194 2250 μεγαλορ-

113 2293 171 2336 20
211 2266 469 2357 ρήμονα
506 2273 818 2355 γλῶσσαν
872 2269 1230 2356 ἐπαφιέναι
1291 2261 1374 2334 ού
1433 2260 1895 2354 πεφρίκασιν.”
1976 2259 2018 2333 ὃ
2067 2263 2193 2353 μὲν

208 2377 418 2443 ταῦτα
446 2373 794 2442 ἐποτνιᾶτο
822 2369 1141 2460 δακρύων
1180 2369 1294 2438 καὶ
1321 2365 1766 2457 ὀδυρόμενος,
1800 2366 2089 2457 ’ἐπήκοος
2116 2366 2195 2437 δὲ

205 2471 242 2543 ὁ
270 2473 434 2555 θεὸς
463 2476 753 2563 ἐγίνετο,
795 2474 910 2543 καὶ
944 2469 1097 2543 κατ’
1130 2475 1400 2560 ἐκείνην
1431 2467 1647 2553 εὐθὺς
1678 2468 1802 2558 τὴν
1834 2471 2046 2541 νύκτα
2076 2475 2191 2542 δε-

206 2576 484 2665 ξάμενος
521 2574 895 2664 ’Βολογέσης
934 2573 1281 2655 ἐπιστολάς
1319 2579 1394 2644 ἐν
1432 2569 1540 2656 αἷς
1583 2575 1949 2663 ἐγέγραπτο
1978 2581 2191 2644 Δαῶν

207 2682 321 2748 καὶ
363 2685 609 2749 Σακῶν
645 2693 834 2768 χεῖρα
876 2678 1205 2768 μεγάλην,
1238 2675 1843 2773 καταφρονήσασαν
1867 2672 2082 2746 αὐτοῦ
2109 2682 2190 2765 τῇ

110 2812 168 2854 25
209 2780 584 2873 ἀποδημία,
643 2783 1337 2870 ἐπιστρατευσαμένην
1388 2777 1774 2868 διαρπάζειν
1827 2776 1948 2868 τὴν
1998 2786 2193 2867 Παρ-

203 2884 500 2976 θυηνήν,
529 2880 862 2974 ἄπρακτος
889 2882 1236 2969 ἀνέζευξεν
1264 2889 1357 2964 εἰς
1384 2879 1701 2953 τούπίσω.
1760 2882 1874 2952 καὶ
1900 2876 1936 2950 ὁ
1958 2878 2192 2970 Ἰζάτης

202 2985 382 3059 οὕτω
409 2985 579 3059 κατὰ
593 2992 767 3058 θεοῦ
796 2988 1121 3079 πρόνοιαν
1131 2985 1260 3075 ,τὰς
1278 2982 1554 3067 ἀπειλὰς
1576 2990 1701 3055 τοῦ
1719 2982 2011 3075 Πάρθου
2039 2989 2191 3053 δια-

203 3089 464 3182 φεύγει.
637 3088 648 3102 ”

356 3193 499 3284 μετ’
562 3194 646 3265 οῦ
700 3192 920 3265 πολὺν
976 3193 1051 3264 δὲ
1103 3192 1352 3285 χρόνον
1410 3187 1860 3282 πεντηκοστὸν
1908 3190 2034 3280 μὲν
2074 3191 2187 3261 καὶ
2229 3209 2265 3265 3

112 3329 170 3370 30
206 3299 501 3386 πέμπτον
540 3296 671 3370 ἀπὸ
714 3305 948 3388 γενεᾶς
987 3295 1342 3387 πληρώσας
1367 3302 1547 3384 ἔτος,
1576 3296 1888 3382 τέταρτον
1914 3294 1992 3365 δὲ
2015 3292 2184 3385 πρὸς

207 3406 485 3494 εἰκοστῷ
516 3399 1006 3491 δυναστεύσας,
1045 3400 1333 3489 θνήσκει
1376 3394 1761 3468 καταλιπων
1786 3402 2036 3479 παῖδας
2061 3394 2189 3489 ἆρ-

204 3530 409 3596 ρενας
448 3512 654 3577 εἴκοσι
694 3505 1016 3596 τέσσαρας
1065 3505 1180 3575 καὶ
1229 3501 1608 3595 θυγατέρας
1653 3498 2005 3586 τοσαύτας·
2064 3499 2190 3590 τὴν

1379 3634 1390 3645 ·
1764 3615 1886 3679 17*
