2500 3882
264 116 346 178 26
940 112 1593 176 ΑΡΧΑΙΟΛΟΓΙΑΣ

218 379 223 388 ἡ
258 286 490 381 ᾐτιᾶτο
527 290 827 376 ἐκείνους
840 339 860 375 ,
904 289 1124 377 λέγων
1151 293 1616 379 παρανομῆσαι
1652 286 1993 379 γήμαντας
2031 282 2156 356 οὐκ
2184 288 2253 369 ἐξ

259 390 654 482 ὁμοφύλων·
708 397 842 462 νῦν
868 394 1095 481 μέντοι
1129 418 1207 477 γε
1234 391 1542 481 ποιήσειν
1567 388 1812 472 αὐτοῦς
1837 396 1931 486 τῷ
1956 389 2082 480 μὲν
2105 394 2254 484 θεῷ

259 497 741 586 κεχαρισμένα,
767 497 1198 586 συμφέροντα
1225 494 1302 564 δὲ
1348 490 1575 577 αὑτοῖς
1593 546 1612 580 ,
1645 459 2256 583 ἀποπεμψαμένους
2325 557 2332 566 J

260 597 377 679 τὰς
405 615 748 687 γυναῖκας.
805 604 873 666 οἳ
897 597 973 667 δὲ
1002 596 1308 688 ποιήσειν
1341 596 1468 687 μὲν
1491 603 1688 669 τοῦτο
1715 596 1958 678 πάντες
1984 595 2250 685 ἐξεβόη-

262 723 424 789 σαν,
458 699 534 771 τὸ
580 701 655 772 δὲ
695 705 955 789 πλῆθος
982 698 1157 770 εἶναι
1195 698 1370 770 πολὺ
1405 703 1519 771 καὶ
1543 699 1670 792 τὴν
1700 697 1885 791 ω”ραν
1907 705 2031 770 τοῦ
2061 705 2256 781 ἔτους
2294 727 2325 768 5

259 806 597 895 χειμέριον
627 804 741 872 καὶ
764 799 1069 894 τόῙ-ἔργον
1094 801 1176 874 οῦ
1205 808 1361 892 μιᾶς
1389 802 1549 875 οὐδὲ
1580 807 1900 894 δευτέρας
1925 799 2260 893 ὑπάρχειν

260 904 510 999 ἡμέρας
526 927 541 942 ·
579 902 772 977 “ἀλλ’
806 911 877 976 οἵ
895 934 969 977 τε
994 902 1318 997 ἡγεμόνες
1342 907 1600 989 τούτοις
1626 909 1739 977 καὶ
1764 912 1834 977 οἱ
1854 911 2254 978 συνοικοῦν-

261 1038 370 1091 τες
403 1023 548 1089 ταῖς
571 1006 977 1100 ἀλλοφύλοις
1010 1011 1629 1101 παραγενέσθωσαν
1671 1009 1990 1099 λαβόντες
2014 1008 2261 1099 χρόνον

262 1115 378 1183 καὶ
406 1116 919 1205 πρεσβυτέρους,
949 1116 1014 1197 ἐξ
1041 1103 1138 1184 ὧν
1164 1108 1250 1184 ἀν
1273 1114 1614 1204 θελήσωσι
1640 1114 1882 1201 τόπου,
1905 1111 2062 1193 τοὺς
2085 1133 2255 1182 συν-

266 1218 830 1306 επισκεψομένους
889 1216 963 1287 τὸ
1012 1244 1152 1287 των
1203 1218 1680 1308 γεγαμηκότων
1747 1213 2061 1306 πλῆθος.”
2143 1217 2259 1285 καὶ
2297 1237 2356 1281 10

264 1325 462 1391 τοῦτο
486 1318 692 1403 δόξαν
725 1318 984 1407 αὐτοῖς,
1024 1317 1382 1411 ἀρξάμενοι
1407 1327 1500 1414 τῇ
1532 1327 1868 1426 νουμηνία
1899 1324 2021 1390 τοῦ
2055 1318 2257 1389 ὃεκά-
2326 1353 2334 1364 ·

265 1452 387 1514 του
410 1421 619 1511 μηνὸς
644 1419 992 1514 ἀναζητεῖν
1014 1422 1172 1506 τούς
1200 1428 1682 1504 συνοικοῦντας
1717 1440 1863 1505 ταῖς
1890 1420 2257 1493 ἀλλοεθνέ-

269 1547 382 1597 σιν
406 1517 657 1650 ηὗρον,
683 1528 810 1653 ἕως
836 1532 952 1615 τῆς
988 1532 1113 1596 τοῦ
1142 1525 1351 1617 μηνὸς
1386 1532 1508 1598 τοῦ
1549 1523 1865 1617 ἐχομένου
1892 1531 2262 1615 νουμηνίας

269 1627 704 1717 ποιησάμενοι
729 1627 855 1718 τὴν
881 1636 1198 1721 ἔρευναν,
1228 1628 1518 1712 πολλους
1544 1636 1618 1701 ἔκ
1645 1657 1718 1700 τε
1744 1658 1882 1700 των
1905 1635 2029 1699 τοῦ
2044 1625 2262 1719 Ιησοῦ

262 1729 571 1827 ἐκγόνων
594 1759 714 1801 του
688 1728 1094 1859 ἀρχιερέως
1117 1734 1230 1802 καὶ
1255 1737 1393 1803 τῶν
1419 1736 1654 1824 ἱερέων
1678 1734 1793 1802 καὶ
1815 1737 2121 1802 Λευιτων
2143 1733 2262 1801 καὶ
2300 1755 2361 1798 ιο

262 1833 719 1926 Ἰσραηλιτων,
759 1842 828 1905 οἳ
861 1832 1034 1905 καὶ’
1005 1833 1121 1916 τάς
1159 1852 1486 1924 γυναῖκας
1510 1839 1623 1906 καὶ
1664 1864 1746 1906 τα
1782 1838 1850 1918 ἐξ
1889 1863 2116 1905 αυτων
2142 1861 2259 1922 γε-

272 1935 683 2028 γεννημένα,
724 1944 840 2028 τῆς
865 1968 1005 2010 των
1045 1938 1275 2029 νόμων
1312 1946 1618 2032 φυλακῆς
1654 1934 1697 2030 ἢ
1723 1966 1862 2008 των
1897 1936 2062 2028 πρὸς
2090 1934 2264 2008 αὐτὰ

272 2050 576 2132 φίλτρων
609 2039 997 2139 ποιούμενοι
1048 2049 1328 2114 πλείονα
1369 2044 1573 2132 λόγον
1588 2096 1608 2130 ,
1659 2039 1872 2123 εὐθὺς
1922 2044 2264 2131 ἐξέβαλον,

273 2146 387 2216 καὶ
416 2152 663 2226 θυσίας
689 2148 1216 2237 ἐξευμενίζοντες
1242 2145 1363 2217 τὸν
1396 2146 1566 2218 θεὸν
1593 2146 1999 2255 ἐπήνεγκαν,
2028 2141 2265 2235 κριοὺς

270 2246 773 2329 καταθύσαντες
811 2245 1012 2344 αῦτω.
1066 2248 1148 2320 τά
1184 2246 1331 2319 δὲ’
1299 2250 1589 2340 ονόματα
1626 2246 1852 2320 αὐτων
1881 2251 2105 2337 λέγειν
2132 2245 2262 2319 οὐκ
2300 2269 2368 2311 2⁰

275 2354 504 2437 ἔδοξεν
535 2346 699 2438 ἡμῖν
731 2348 1100 2477 ἀναγκαῖον
1135 2351 1331 2422 εἶναι.

425 2450 502 2521 τὸ
551 2451 675 2540 μὲν
725 2445 851 2523 οὖν
901 2451 1252 2545 ἀμάρτημα
1294 2451 1369 2523 τὸ
1413 2455 1574 2545 περὶ
1627 2481 1782 2535 τους
1831 2452 2086 2542 γάμους
2124 2479 2268 2521 των

276 2557 779 2681 προειρημένων
828 2552 1039 2638 οὕτως
1081 2556 1559 2649 ἐπανορθώσας
1585 2553 1873 2648 Ἔσδρας
1910 2553 2268 2645 ἐκαθάριζε

274 2687 401 2751 την
425 2659 576 2748 περὶ
609 2663 819 2731 ταῦτα
846 2659 1258 2750 συνήθειαν,
1304 2688 1393 2740 ως
1419 2659 1671 2748 ταύτην
1711 2666 1833 2730 τοῦ
1868 2663 2110 2730 λοιποῦ
2137 2657 2264 2747 μό-

214 2788 249 2842 5
276 2790 476 2854 νιμον
505 2760 706 2833 εἶναι·
758 2768 852 2857 τῷ
885 2762 960 2832 δὲ
989 2763 1258 2857 ἑβδόμῳ
1285 2764 1446 2853 μηνὶ
1471 2760 1597 2853 τὴν
1621 2765 2084 2853 σκηνοπηγίαν
2110 2763 2262 2852 ἑορ-
2307 2792 2377 2835 25

272 2860 605 2951 τάξοντες,
639 2866 751 2935 καὶ
791 2865 1032 2954 σχεδὸν
1075 2864 1321 2947 παντὸς
1365 2871 1487 2937 τοῦ
1523 2870 1695 2936 λαοῦ
1725 2864 2269 2955 συνεληλυθότος

276 2967 381 3038 έπῖ
414 2967 627 3059 αὐτήν
645 3021 664 3056 ,
692 2966 1097 3055 ἀνελθόντες
1132 2975 1227 3050 εἰς
1255 2968 1331 3040 τὸ
1360 2967 1715 3058 ἀνειμένον
1752 2974 1873 3039 τοῦ
1897 2975 2068 3039 ναοῦ
2097 2966 2270 3057 πρὸς

170 3160 173 3165 Ι
275 3069 401 3160 τὴν
440 3071 661 3160 πύλην
687 3068 810 3161 τὴν
853 3075 961 3143 ἐπὶ
993 3072 1118 3163 τὴν
1142 3070 1478 3163 ἀνατολὴν
1502 3069 2041 3160 ἀποβλέπουσαν,
2068 3071 2266 3161 ἐδεή-

276 3184 501 3263 θησαν
533 3179 655 3241 τοῦ
696 3171 943 3265 Ἕσδρα
979 3175 1136 3256 τοὺς
1174 3176 1423 3266 νόμους
1466 3168 1693 3256 αὐτοῖς
1735 3172 2270 3267 ἀναγνωσθῆναι

277 3271 434 3354 τούς
471 3278 840 3357 Μωῦσέως.
907 3276 947 3348 6
992 3279 1067 3349 δὲ
1092 3281 1288 3369 μέσος
1324 3283 1446 3349 τοῦ
1474 3278 1777 3368 πλήθους
1800 3279 2074 3359 σταθεὶς
2104 3274 2268 3347 ἀνέ-
2319 3302 2390 3346 3ο

277 3403 441 3464 γνω,
468 3377 581 3444 καὶ
605 3381 800 3447 τοῦτο
826 3379 1210 3470 ἐποίησεν’
1173 3380 1293 3452 απ’
1325 3381 1690 3474 ἀρχομένης
1713 3377 2035 3472 ἡμέρας“
1994 3407 2119 3460 εως
2142 3408 2270 3469 με·-

279 3485 627 3569 σημβρίας.
712 3470 778 3548 οἳ
828 3483 903 3553 δὲ
964 3482 1373 3567 ἀκούσαντες
1424 3482 2078 3574 ἀναγινωσκομένων
2127 3510 2280 3553 των
