2500 3882
1014 144 1495 230 ENAEKATH
1967 216 1974 219 .
2027 142 2034 157 ’
2165 164 2233 226 11

389 336 762 435 ησθεὶςέπὶ
788 338 1050 420 τούτοις
1081 336 1116 410 ὁ
1140 340 1493 430 βασιλεύς,
1519 337 1807 422 ἀναστὰς
1830 343 2240 428 κατεφίλησέ
2272 355 2311 408 8

245 474 317 515 τε
351 441 566 515 αὐτὸν
590 445 705 513 καὶ
733 459 871 525 τοῖς
897 445 1260 535 τοπάρχοις
1275 446 1388 515 καὶ
1414 442 1777 535 σατράπαις
1802 441 2083 536 γράφει,
2124 468 2238 513 κε-

246 547 469 619 λεύων
504 536 893 638 προπέμψαι
917 545 1036 616 τὸν
1061 549 1537 638 Ζοροβάβηλον
1563 549 1676 617 καὶ
1714 545 1870 629 τοῦς
1908 544 2038 615 σῦν
2061 542 2244 641 αὐτῷ

243 654 610 741 μέλλοντας
659 651 766 720 ἐπὶ
811 647 941 739 τὴν
978 649 1343 742 οἰκοδομὴν
1369 652 1625 734 ἐξιέναι
1667 656 1788 721 τοῦ
1829 655 2019 720 ναοῦ.
2089 652 2241 721 ἐπέ-

184 774 213 815 ῦ
251 763 472 824 στειλε
497 752 572 822 δὲ
602 754 715 823 καὶ
750 762 890 834 τοῖς
928 754 1005 823 ἐν
1042 760 1269 847 Συρία
1299 756 1409 823 καὶ
1451 760 1733 843 Φοινίκῃ
1765 753 1931 838 ξύλα
1968 756 2246 843 κέδρινα

248 862 711 944 κατακομίζειν
738 859 812 926 ἐκ
850 861 975 926 τοῦ
997 855 1302 945 Λιβάνου
1340 855 1658 947 τεμόντας
1697 862 1792 938 εἰς
1822 852 2247 947 Ἱεροσόλυμα

249 961 362 1029 καὶ
410 958 1058 1062 συγκατασκευάζειν
1116 956 1300 1054 αὐτῷ
1344 958 1470 1051 τὴν
1529 959 1756 1031 πόλιν.
1824 961 1936 1029 καὶ
1995 959 2248 1040 πάντας

245 1054 543 1153 ἔγραψεν
584 1064 986 1152 ἐλευθέρους
1028 1061 1201 1133 εἶναι
1238 1062 1422 1145 τοὺς
1445 1069 1539 1144 εἰς
1577 1061 1702 1153 τὴν
1737 1060 2071 1137 Ἰουδαίαν
2109 1067 2247 1132 τῶν

244 1163 683 1254 αἰχμαλώτων
729 1162 1185 1252 ἀπελθόντας,
1238 1168 1352 1236 καὶ
1392 1165 1550 1247 τοῦς
1588 1158 1797 1237 αὐτοῦ
1851 1165 2249 1257 ἐπιτρόπους

163 1295 216 1337 ¹0
249 1270 363 1339 καὶ
402 1265 744 1394 σατράπας
791 1267 1128 1340 ἐκωλυσεν
1171 1269 1543 1347 ἐπιτάττειν
1581 1284 1719 1350 τοῖς
1750 1266 2096 1348 Ἰουδαίοις
2133 1265 2249 1349 τάς

248 1368 601 1461 βασιλικὰς
645 1378 901 1461 χρείας·
963 1368 1173 1460 ἀνῆκέ
1220 1400 1293 1442 τε
1317 1377 1569 1453 πᾶσαν
1620 1368 1707 1461 ἣν
1760 1400 1845 1440 αν
1896 1385 2251 1458 κατασχεῖν

252 1478 607 1562 δυνηθωσι
663 1479 779 1564 τῆς
833 1473 1050 1565 χώρας
1086 1471 1288 1565 άτελῆ
1331 1476 1565 1565 φόρων
1621 1471 1848 1555 αὐτοῖς
1892 1475 2247 1577 νέμεσθαι.

251 1578 610 1667 προσέταξε
665 1576 743 1646 δὲ
797 1578 912 1646 καὶ
959 1604 1117 1659 τους
1165 1576 1578 1668 Ἰδουμαίους
1644 1579 1759 1647 καὶ
1828 1581 2251 1666 Σαμαρείτας

251 1682 366 1750 καὶ
406 1676 564 1760 τοῦς
605 1682 680 1750 ἐκ
713 1685 834 1780 τῆς
874 1688 1123 1770 Κοίλης
1151 1687 1412 1773 Συρίας
1445 1678 1718 1770 αφεῖναι
1760 1677 1877 1760 τὰς
1914 1678 2140 1768 κώμας
2173 1675 2253 1759 ἃς

167 1802 220 1846 ¹5
254 1809 395 1862 των
431 1770 781 1853 Ἰουδαίων
816 1798 1156 1871 κατεῖχον,
1210 1785 1325 1853 κάὶ
1365 1787 1636 1874 προσέτι
1674 1783 1962 1854 τάλαντα
2004 1781 2247 1871 πεντή-

248 1912 460 1982 κοντα
486 1891 583 1968 εἰς
609 1884 734 1976 τὴν
763 1891 1153 1976 οἰκοδομίαν
1188 1892 1311 1958 τοῦ
1351 1890 1539 1978 ἱεροῦ
1582 1878 1892 1977 δοθῆναι.
1948 1885 2153 1957 θύειν
2176 1909 2251 1954 τε

248 1975 483 2069 αῦτοϊς
508 1983 625 2069 τὰς
656 1993 1137 2079 νενομισμένας
1159 1996 1409 2072 θυσίας
1439 1989 1759 2081 ἐπέτρεψε
1776 2011 1791 2027 ·
1821 1991 1952 2059 καὶ
1981 1987 2107 2079 τὴν
2136 2015 2247 2075 χο-

251 2098 498 2184 ρηγίαν
531 2088 835 2178 ἅπασαν,
868 2092 981 2160 καὶ
1023 2091 1151 2182 τὴν
1189 2092 1381 2183 ἱερὰν
1418 2091 1661 2181 στολὴν
1703 2082 1747 2183 ᾖ
1792 2089 2252 2181 θεραπεύουσι
2327 2109 2330 2114 “

249 2193 374 2266 τὸν,
395 2191 573 2265 θεὸν
598 2190 637 2264 ὅ
660 2220 733 2262 τε
759 2191 1107 2285 ἀρχιερεὺς
1132 2196 1246 2263 καὶ
1285 2199 1353 2265 οἰ
1377 2198 1579 2285 ἱερεῖς
1596 2244 1615 2280 ,
1647 2195 1719 2262 ἐκ
1748 2198 1888 2262 τῶν
1924 2197 2121 2263 ἰδίων
2137 2198 2250 2279 ’γί-

167 2331 223 2372 ω
253 2308 500 2369 νεσθαι
515 2348 536 2383 ,
572 2297 687 2366 καὶ
726 2312 864 2378 τοῖς
902 2304 1218 2379 Λευίταις
1267 2295 1351 2367 τὰ
1389 2292 1644 2387 ὄργανα
1676 2288 1775 2375 οἷς
1812 2289 2102 2385 ὑμνοῦσι
2132 2293 2254 2380 τὸν

247 2400 451 2486 θεόν,
479 2400 594 2469 καὶ
623 2414 761 2480 τοῖς
788 2399 1035 2488 φύλαξι
1064 2406 1179 2491 τῆς
1219 2400 1476 2481 πόλεως
1509 2400 1623 2469 καὶ
1656 2403 1779 2469 τοῦ
1805 2404 1977 2470 ναοῦ
2008 2400 2249 2490 προσέ-

247 2507 406 2586 ταξε
431 2500 720 2593 κλήρους
745 2507 868 2593 γῆς
905 2508 1193 2592 δοθῆναι
1209 2554 1229 2591 ,
1257 2504 1370 2574 καὶ
1396 2500 1564 2573 κατὰ
1590 2503 1873 2574 ἕκαστον
1914 2509 2056 2584 ἔτος
2090 2497 2249 2593 ὥρι-

253 2608 504 2694 σμένον
539 2632 602 2675 τι
640 2604 806 2696 πρὸς
831 2602 957 2695 τὴν
982 2611 1105 2676 τοῦ
1139 2614 1293 2695 βίου
1323 2611 1555 2699 χρείαν
1592 2604 1951 2697 ἀργύριον,
1998 2605 2256 2695 πέμψαι

261 2708 338 2777 δὲ
368 2706 581 2778 καὶτὰ
606 2707 835 2798 σκεύη.
879 2709 993 2778 καὶ
1020 2708 1238 2780 πάντα
1265 2707 1387 2780 ὅσα
1412 2709 1639 2801 Κῦρος
1659 2707 1789 2801 πρὸ
1816 2705 2027 2782 αὐτοῦ
2051 2711 2247 2796 ἐβου-

112 2811 121 2822 ’
169 2834 227 2877 25
259 2809 446 2902 λήθη
474 2813 625 2903 περὶ
671 2838 788 2901 της
827 2838 965 2880 των
992 2808 1337 2883 Ἰουδαίων
1372 2810 1964 2892 ἀποκαταστάσεως
1973 2862 1995 2896 ,
2045 2812 2253 2878 ταῦτα

250 2915 368 2984 καὶ
395 2923 687 3004 Δαρεῖος
715 2916 1093 2997 διετάξατο.
1766 2962 1772 2967 -

395 3044 622 3105 τυχων
662 3017 740 3087 δὲ
779 3016 1038 3088 τούτων
1067 3042 1248 3109 παρα
1275 3022 1396 3086 τοῦ
1421 3009 1817 3106 βασιλέως“
1785 3042 1821 3084 ο
1866 2985 2249 3139 Ζοροβάβη-
2279 3035 2316 3091 9

246 3131 400 3206 λος,
436 3116 795 3202 ἐξελθων’
759 3118 889 3190 απὸ
913 3147 1053 3192 των
1075 3124 1439 3209 βασιλείων
1464 3119 1576 3188 καὶ
1602 3115 2002 3210 ἀναβλέψας
2020 3123 2113 3198 εἰς
2134 3115 2274 3214 τὸν,

247 3219 554 3313 οὐρανὸν
582 3218 1001 3313 ευχαριστεῐν
1031 3220 1273 3313 ηρξατο
1299 3227 1393 3316 τῷ
1416 3227 1562 3315 θεω
1587 3225 1703 3316 τῆς
1727 3226 1967 3310 σοφίας
1995 3221 2107 3290 καὶ
2136 3225 2254 3308 τῆς

168 3349 218 3394 2⁰
252 3323 363 3396 ἐπ’
400 3321 577 3417 αὐτῇ
605 3332 828 3414 νίκης,
869 3355 956 3416 ην
989 3332 1290 3417 Δαρείου
1331 3324 1658 3416 παρόντος
1692 3329 1964 3412 ἔλαβεν·
2009 3317 2091 3392 οὗ
2124 3349 2253 3416 γαρ

247 3423 339 3498 ἂν
366 3426 633 3497 τούτων
662 3423 1056 3520 ἀξιωθῆναι,
1075 3424 1208 3518 ς’μὴ
1232 3423 1407 3498 σοῦ”
1440 3435 1627 3516 φησί,
1647 3422 1683 3450 “
1693 3429 2001 3511 δέσποτα,
2029 3421 2256 3510 τυχών

249 3527 645 3619 εὖμενοῦς.”
685 3528 873 3609 ταῦτ’
906 3522 1033 3602 οὖν
1058 3532 1213 3624 περὶ
1239 3536 1378 3620 τῷν
1406 3529 1760 3621 παρόντων
1782 3523 2256 3616 εὐχαριστήσας
