2500 3882
213 149 297 212 46
892 149 1548 212 ΑΡΧΑΙΟΛΟΓΙΑΣ

213 309 339 399 τὴν
367 312 647 380 ἐκείνων
688 308 949 399 χώραν,
994 307 1123 379 ούκ
1162 305 1283 378 ἀπ’
1319 305 1646 397 ὠφελείας
1674 306 1889 396 μόνον
1918 304 2089 378 ἀλλὰ
2119 308 2233 376 καὶ

215 417 654 500 μνησικακίας
683 412 1133 500 χαλεπωτεροι
1166 408 1285 491 τὰς
1315 407 1578 492 ἀδικίας
1608 408 1820 499 ὄντες.

150 526 189 578 4
377 509 681 599 Ἡρώδης
720 511 796 580 δὲ
827 517 1038 580 ταῦτα
1065 509 1285 579 πάντα
1314 515 1546 598 φέρων
1584 507 1917 599 ἠνείχετο,
1949 516 2235 597 μεταβε-

213 617 541 699 βληκυίας
570 607 753 701 αύτῷ
781 616 900 696 τῆς
923 616 1295 697 παρρησίας
1326 608 1414 696 ἣν
1442 607 1574 699 εἶχε
1605 607 1719 677 διὰ
1745 614 2088 695 Καίσαρα,
2118 611 2234 676 καὶ

214 707 292 785 τὰ
322 716 546 797 μεῖζον
575 708 880 798 ἀφῄρητο
909 713 1034 776 τοῦ
1058 711 1519 796 φρονήματος·
1565 705 1730 776 οὐδὲ
1759 707 1889 795 γὰρ
1918 710 2229 794 πέμψαν-
2267 720 2299 763 ⁵

212 832 327 890 τος
364 807 577 878 αὐτοῦ
629 808 992 896 πρεσβείαν
1042 804 1644 896 ἀπολογησομένην
1688 805 1724 875 ὁ
1769 816 2033 894 Καῖσαρ
2073 803 2237 894 ἠνέ-
2336 898 2341 902 ⁴

213 928 441 996 σχετο,
481 908 687 991 πάλιν
719 908 794 974 δὲ
827 904 990 986 τοὺς
1019 907 1482 999 συνελθόντας
1523 903 1912 993 ἀπράκτους
1937 902 2237 993 ἀπέπεμ-

213 1021 361 1088 ψεν.
419 999 507 1094 ἦν
536 1004 604 1075 δ’
637 1001 768 1074 οὖν
797 1007 904 1074 ἐπὶ
935 1007 1200 1085 τούτοις
1226 1002 1491 1092 ἀθυμία
1519 1007 1631 1074 καὶ
1659 1010 1842 1091 δέος,
1877 1003 1918 1072 ὅ
1944 1031 2017 1074 τε
2044 1004 2237 1073 Συλ-

215 1113 399 1186 λαῖος
423 1101 508 1173 ού
538 1110 818 1193 μετρίως
846 1105 1079 1172 ἐλύπει
1112 1109 1499 1184 πιστευθείς
1526 1130 1597 1172 τε
1627 1106 1738 1172 καὶ
1777 1101 2015 1189 παρών
2046 1106 2121 1171 έν
2152 1109 2238 1194 τῇ

201 1200 451 1293 Ῥώμῃ,
505 1203 656 1273 τότε
708 1201 783 1273 δὲ
836 1204 947 1272 καὶ
983 1199 1323 1290 ’μειζόνων
1372 1200 1766 1291 ἁπτόμενος.
1857 1200 1893 1271 ὁ
1941 1203 2066 1289 μὲν
2101 1200 2231 1290 γὰρ
2276 1232 2326 1276 ιο

207 1301 486 1391 Ὀβόδας
518 1302 902 1392 ἐτεθνήκει,
949 1302 1455 1391 παραλαμβάνει
1488 1304 1562 1372 δὲ
1601 1302 1728 1391 τὴν
1766 1309 1905 1372 τών
1929 1301 2237 1390 Ἀράβων

214 1401 430 1490 ἀρχὴν
462 1409 736 1482 Αἰνείας
774 1398 812 1471 ὁ
846 1405 1375 1490 μετονομασθεὶς
1410 1394 1617 1484 αὖθις
1646 1401 1926 1490 Ἀρέτας.
1986 1409 2237 1472 τοῦτον

212 1502 342 1589 γὰρ
372 1505 693 1590 ἐπεχείρει
724 1507 1068 1590 διαβολαῖς
1102 1503 1584 1590 παρωσάμενος
1612 1499 1815 1582 αύτός
1842 1500 2236 1590 ἀναλαμβά-

213 1626 362 1669 νειν
399 1600 524 1686 τὴν
567 1597 813 1688 ἀρχήν,
855 1600 1157 1687 χρήματα
1196 1600 1324 1687 μὲν
1362 1600 1581 1670 πολλὰ
1624 1600 1859 1683 διδοὺς
1901 1615 2040 1682 τοῖς
2083 1602 2237 1686 περὶ

143 1748 151 1752 -
213 1697 338 1787 τὴν
379 1695 632 1785 αὐλήν,
679 1697 894 1770 πολλοὶ
944 1698 1019 1767 δὲ
1067 1704 1356 1786 Καίσαρι
1391 1698 1639 1768 δώσειν
1666 1696 2227 1787 ὑπισχνούμενος.
2270 1733 2321 1774 ιε

111 1788 133 1858 ⁴·
214 1794 257 1866 ὅ
298 1794 374 1865 δὲ
427 1803 520 1889 τῷ
562 1797 652 1884 μὴ
698 1795 820 1866 τὸν
853 1793 1127 1885 Ἀρέταν
1171 1799 1632 1866 ἐπιστείλαντα
1674 1798 2008 1887 πρότερον
2050 1798 2236 1890 αὐτῷ

212 1896 602 1985 βασιλεύειν
630 1893 963 1983 ὠργίζετο.
1034 1896 1277 1984 πέμπει
1305 1898 1379 1966 δὲ
1408 1893 1716 1979 κάκεῖνος
1739 1892 2096 1985 ἐπιστολὴν
2120 1901 2234 1967 καὶ

213 1998 402 2084 δῶρα
442 1991 534 2088 τῷ
574 2000 898 2084 Καίσαρι,
943 1995 1286 2082 στέφανόν
1326 2021 1397 2064 τε
1438 2003 1744 2084 χρυσοῦν
1790 1994 1922 2065 άπὸ
1961 2004 2237 2066 πολλῶν

212 2093 582 2166 ταλάντων.
640 2091 684 2183 ἡ
716 2094 791 2162 δὲ
819 2093 1135 2181 ἐπιστολὴ
1163 2094 1523 2182 κατηγόρει
1545 2103 1888 2165 Συλλαῖον
1918 2095 2083 2165 ὄντα
2107 2121 2235 2165 πο·-

210 2194 426 2284 νηρόν
465 2200 720 2264 δοῦλον
758 2191 1046 2282 Ὀβόδαν
1097 2220 1170 2263 τε
1221 2194 1603 2283 φαρμάκοις
1660 2199 2056 2285 διαφθεῖραι
2118 2200 2232 2266 καὶ
2265 2217 2325 2259 20

210 2302 456 2377 ζῶντος
496 2300 594 2363 ἔτι
639 2308 912 2381 κρατεῖν
965 2291 1217 2382 αὐτόν,
1266 2297 1385 2375 τάς
1423 2320 1497 2362 τε
1538 2301 1678 2363 τῶν
1724 2293 2033 2385 Ἀράβων
2081 2323 2235 2385 μοι-

210 2396 496 2481 χεύοντα
524 2404 850 2477 γυναῖκας
885 2395 996 2459 καὶ
1023 2392 1325 2478 χρήματα
1356 2394 1862 2484 δανειζόμενον,
1904 2394 2066 2464 ὥστ’
2100 2400 2233 2478 ἐξι-

211 2491 592 2563 διώσασθαι
640 2488 766 2576 τὴν
820 2488 1053 2580 ἀρχήν.
1133 2494 1504 2579 προσέσχεν
1547 2492 1624 2562 δὲ
1665 2492 1828 2564 οὐδὲ
1880 2498 2146 2577 τούτοις
2192 2489 2239 2564 0‘

210 2602 508 2680 Καῖσαρ,
509 2587 697 2662 ἀλλ’
731 2588 1114 2679 ἀποπέμπει
1144 2594 1356 2679 μηδὲν
1385 2598 1525 2661 τών
1559 2592 1802 2682 δώρων
1842 2597 2238 2685 λαβών.τά

199 2698 288 2765 ’δὲ
316 2695 468 2782 περὶ
500 2691 623 2781 τὴν
657 2689 988 2761 Ἰουδαίαν
1030 2693 1142 2761 καὶ
1168 2690 1486 2781 Ἀραβίαν
1516 2692 1621 2764 ἀεὶ
1647 2699 1759 2767 καὶ
1792 2703 2049 2784 μᾶλλον
2077 2699 2324 2767 ἐπε-π

211 2799 443 2881 δίδου,
474 2790 554 2860 τὰ
591 2794 716 2880 μὲν
745 2796 842 2873 εἰς
872 2788 1199 2882 ἀταξίαν,
1220 2793 1303 2861 τοὶ
1334 2791 1399 2862 δ’
1411 2790 1542 2874 ώς
1586 2785 2238 2885 καταφθειρομένων

211 2897 468 2983 μηδένα
495 2892 922 2979 προεστάναι.
977 2918 1117 2964 των
1144 2890 1274 2981 γὰρ
1300 2898 1641 2982 βασιλέων
1665 2922 1703 2964 ο
1734 2898 1865 2983 μὲν
1894 2894 2085 2994 ούπω
2107 2898 2239 2986 τὴν
2294 2903 2301 2908 ’

210 2989 423 3080 ἀρχὴν
450 2993 733 3079 βεβαίαν
761 2994 934 3077 ἔχων
981 2989 1105 3078 οὐχ
1146 2990 1382 3073 ἱκανὸς
1420 2985 1508 3079 ἦν
1554 2994 1849 3063 κωλύειν
1878 2989 2044 3076 τούς
2080 2992 2239 3065 ἄδι-

212 3096 526 3174 κοῦντας,
547 3084 852 3174 Ἡρώδης
880 3091 975 3176 δέ,
1006 3085 1118 3177 ἐφ’
1156 3083 1318 3169 οἶς’
1280 3091 1585 3177 ημύνατο
1613 3089 1845 3178 τάχιον
1868 3090 2240 3181 ὀργισθέν-
2266 3088 2271 3094 ’

213 3208 326 3259 τος
367 3184 552 3252 αύτω
590 3192 963 3274 Καίσαρος,
1005 3184 1265 3269 ἁπάσας
1305 3186 1424 3268 τὰς
1453 3194 1545 3269 εἰς
1580 3186 1789 3258 αυτὸν
1816 3199 2237 3280 παρανομίας
2268 3219 2324 3263 εο

214 3279 449 3358 φέρειν
492 3279 915 3366 ἠναγκάζετο.
989 3288 1193 3370 πέρας
1236 3284 1304 3353 δ’
1347 3282 1626 3353 ούδὲν”
1594 3313 1796 3373 ορων
1820 3313 1960 3357 των
2003 3314 2240 3378 περιε-

213 3369 487 3435 στώτων
519 3401 781 3468 κακων,
811 3386 985 3467 ἔγνω
1017 3384 1222 3453 πάλιν
1259 3389 1352 3465 εἰς
1381 3381 1638 3471 Ῥώμην
1669 3383 2139 3481 ἀποστέλλειν,
2171 3400 2244 3460 εἰ

2474 11 2491 154 1

2476 180 2491 667 ι
