2500 3882
915 156 1160 215 ΤΡΙΣΚ
1163 151 1265 213 AI
1263 147 1494 212 ΔΕΚΑ
1498 156 1621 213 ΤΗ
1836 202 1844 210 .
2144 153 2262 215 155

271 324 614 415 μαθόντες
670 324 746 396 δὲ
784 323 916 414 πρὸ
945 333 1099 415 μιᾶς
1127 322 1374 415 ἡμέρας
1412 329 1482 394 οἱ
1513 331 1638 395 τοῦ
1666 332 2063 417 Δημητρίου
2101 330 2262 416 μέλ-

271 438 422 499 λειν
445 425 776 518 Ἰωνάθην
803 426 912 499 ἐπ’
945 426 1193 510 αὐτοὺς
1230 434 1562 517 βαδίζειν,
1612 430 1896 519 ἐνέδραν
1921 426 2104 523 αὐτῷ
2147 435 2262 500 καὶ

269 525 435 613 τοὺς
462 532 869 621 λοχήσοντας
891 534 967 602 έν
1009 538 1102 625 τῶ
1131 529 1276 621 ὄρει
1295 538 1709 624 ’καθίσαντες
1735 528 1931 603 αὐτοὶ
1956 531 2120 621 μετὰ
2146 541 2263 622 τῆς

270 640 584 725 στρατιᾶς
613 631 930 723 ἀπήντων
961 641 1055 717 είς
1094 634 1167 704 τὸ
1200 640 1458 705 πεδίον.
1525 630 1646 715 οὓς
1671 634 1840 705 ἰδῶν
1867 632 1904 705 ὁ
1928 632 2265 726 Ἰωνάθης

220 764 250 805 5
279 739 584 826 ἑτοίμους
623 736 791 827 πρὸς
842 737 1094 826 μάχην,
1148 736 1671 827 παρεσκευάζετο
1713 741 1828 807 καὶ
1867 735 2069 819 αῧτός
2103 737 2266 819 τούς
2319 821 2328 830 „

278 844 492 921 ἰδίους
519 839 925 927 στρατιώτας
950 839 1118 929 πρὸς
1135 839 1254 909 τὸν
1281 837 1532 929 ἀγῶνα,
1563 836 1652 921 ῶς
1668 836 1981 930 ἠδύνατο.
2025 848 2162 912 τῶν
2186 841 2265 911 δὲ

240 1008 255 1024 ³
278 948 373 1024 εἰς
384 940 506 1033 τὴν
520 945 803 1032 ἐνέδραν
817 939 951 1014 ὑπὸ
967 950 1106 1013 τῶν
1118 950 1516 1032 Δημητρίου
1527 950 1920 1033 ’στρατηγῶν
1934 965 2262 1014 καταστα-

273 1049 543 1115 θέντων
568 1044 737 1116 κατὰ
762 1039 986 1116 ν’ῶτου
1013 1061 1148 1128 τοῖς
1169 1042 1536 1126 Ἰουδαίοις
1555 1050 1960 1135 γενομένων,
1989 1051 2262 1116 δείσαν-
2367 1079 2371 1083 ·

274 1175 383 1229 τες
405 1144 501 1237 μὴ
529 1150 745 1237 μέσοι
755 1150 1133 1238 ληφθέντες
1174 1146 1557 1218 ἀπόλωνται
1594 1148 1880 1238 φεύγειν
1906 1146 2258 1238 ὥρμησαν·

191 1276 242 1317 ιο
276 1254 391 1322 καὶ
419 1256 487 1320 οἱ
509 1279 636 1339 μεν
662 1249 851 1321 αλλοι
879 1251 1124 1332 πάντες
1151 1250 1270 1321 τὸν
1288 1248 1634 1339 Ἰωνάθην
1647 1254 2024 1354 κατέλιπον,
2047 1248 2262 1340 ὀλίγοι

274 1356 356 1429 δέ
381 1380 598 1442 τινες,
630 1350 719 1435 ῶς
746 1356 902 1444 περὶ
930 1353 1348 1442 πεντήκοντα
1377 1352 1498 1424 τὸν
1522 1335 1839 1441 ἀριθμόν,
1869 1349 2260 1442 ὑπέμειναν,

274 1457 391 1526 καὶ
431 1445 831 1539 Ματταθίας
871 1454 912 1527 ὁ
945 1454 1350 1546 Ἀψαλώμου
1405 1458 1519 1527 καὶ
1558 1452 1826 1538 Ἰούδας
1868 1452 1903 1526 ὁ
1948 1463 2262 1537 Χαψαίου

277 1567 395 1648 τῆς
418 1555 672 1649 ἀπάσης
700 1556 1110 1650 δυνάμεως“
1076 1558 1400 1648 ηγεμόνες
1428 1586 1646 1648 οντες,
1700 1567 1772 1630 οἳ
1793 1565 2146 1685 τολμηρῶς
2189 1586 2263 1629 τε

210 1738 227 1747 -
277 1663 392 1731 καὶ
418 1659 560 1751 μετ’
595 1660 1041 1751 ἀπογνωσεως
1068 1670 1161 1744 εἰς
1202 1690 1361 1745 τους
1397 1670 1760 1751 πολεμίους
1793 1657 2128 1752 ῶσάμενοι
2166 1668 2261 1757 τῷ

187 1788 242 1831 1⁵
276 1792 351 1836 τε
402 1765 648 1855 θάρσει
696 1768 1110 1855 κατέπληξαν
1152 1762 1402 1848 αὐτοὺς
1452 1767 1566 1835 καὶ
1618 1781 1762 1847 ταῖς
1812 1766 2045 1856 χερσὶν
2094 1761 2261 1835 ἀπέ-

273 1882 575 1956 στρεψαν
604 1875 697 1951 εἰς
723 1869 970 1959 φυγήν.
1012 1915 1017 1932 ·
1050 1874 1122 1938 οἰ
1158 1865 1221 1938 δῖ
1270 1866 1817 1959 ἀναχωρήσαντες
1855 1875 1992 1938 τῶν
2016 1865 2260 1938 Ἰωνά-

270 1983 415 2043 θου
452 1980 879 2062 στρατιωτῶν
917 1968 1006 2054 ῶς
1044 1971 1230 2042 εἶδον
1272 1971 1429 2053 τούς
1468 1977 1830 2060 πολεμίους
1872 1974 2259 2061 τραπέντας,

274 2076 819 2163 ἐπισυλλεγέντες
844 2078 919 2145 ἐκ
944 2081 1062 2164 τῆς
1089 2081 1313 2165 φυγῆς
1342 2070 1660 2165 ῶρμησαν
1688 2071 1935 2154 αὐτοὺς
1963 2074 2258 2162 διώκειν,

270 2180 383 2249 καὶ
399 2175 588 2249 τοῦτ’
607 2180 928 2267 ἐποίησαν
941 2179 1132 2267 μέχρι
1147 2181 1495 2265 Κεδασῶν,
1518 2166 1604 2246 οὗ
1620 2173 1692 2245 τὸ
1708 2173 2162 2268 στρατόπεδον
2175 2165 2261 2265 ἦν

177 2311 240 2352 2⁰
273 2287 410 2351 τῶν
445 2286 806 2369 πολεμίων.
2097 2298 2106 2307 ‘

452 2383 784 2474 κρατήσας
844 2374 973 2453 οὗν
1018 2379 1342 2473 Ἰωνάθης
1399 2388 1483 2474 τῇ
1553 2380 1729 2474 μάχῃ
1776 2387 2095 2473 λαμπρῶς
2145 2383 2259 2453 καὶ
2293 2395 2331 2450 8

273 2491 645 2575 δισχιλίους
672 2493 808 2557 τῶν
849 2489 1116 2577 ἐχθρῶν
1142 2482 1540 2568 ἀποκτείνας
1577 2481 1997 2579 ὑπέστρεψεν
2026 2490 2121 2568 είς
2139 2481 2261 2555 Ἱε-

276 2589 637 2679 ροσόλυμα.
691 2585 874 2678 ὁρῶν
900 2586 963 2658 δ’
1008 2586 1111 2659 ὅτι
1137 2588 1333 2661 πάντ’
1366 2586 1549 2682 αὐτῷ
1578 2588 1746 2659 κατὰ
1772 2596 1955 2660 νοῦν
1972 2595 2261 2682 προνοίᾳ

277 2696 450 2759 θεοῦ
500 2706 732 2783 χωρεῖ,
779 2695 947 2780 πρὸς
979 2688 1339 2781 Ῥωμαίους
1395 2691 1809 2781 πρεσβευτὰς
1847 2688 2257 2777 ἀπέστειλεν,

183 2827 251 2870 2⁶
281 2789 794 2866 ἀνανεώσασθαι
828 2794 1232 2885 βουλόμενος
1249 2793 1373 2883 τὴν
1386 2796 1756 2883 γενομένην
1768 2800 1861 2886 τῷ
1891 2798 2081 2861 ἔθνει
2093 2789 2265 2881 πρὸς

276 2923 529 2978 αντους
567 2903 952 2988 ἔμπροσθεν
983 2904 1272 2993 φιλίαν.
1318 2911 1453 2977 τοῖς
1485 2893 1549 2964 δ’
1584 2893 1795 2965 αὐτοῦ
1824 2901 2265 2982 πρεσβευταῖς

274 3001 654 3070 ἐπέστειλεν
712 2996 844 3069 ἀπὸ
901 3006 1016 3088 τῆς
1058 2996 1305 3087 Ρῶμης
1350 2995 1881 3124 ἀναστρέφουσι
1898 2994 2066 3084 πρὸς
2108 3023 2267 3076 τους

274 3101 701 3194 Σπαρτιάτας
739 3099 1109 3190 ἀφικέσθαι
1149 3103 1266 3171 καὶ
1302 3099 1426 3189 τὴν
1469 3099 1637 3189 πρὸς
1680 3095 1929 3179 αὐτοὺς
1960 3094 2266 3189 υπομνῆ-

276 3226 388 3275 σαι
419 3211 660 3296 φιλίαν
672 3206 789 3275 καὶ
817 3206 1236 3294 συγγένειαν.
1286 3212 1358 3274 οἳ
1369 3202 1445 3273 δὲ
1474 3229 1562 3284 ως
1589 3194 1810 3291 ηλθον
1839 3199 2085 3290 είςτὴν
2102 3199 2264 3272 Ρῶ-

176 3342 243 3384 ω
280 3336 446 3397 μην,
499 3307 958 3398 παρελθόντες
999 3313 1093 3388 εἰς
1117 3305 1242 3395 τὴν
1269 3302 1541 3396 βουλὴν.
1565 3301 1795 3375 αὐτῶν
1827 3306 1939 3374 καὶ
1972 3303 2053 3374 τὰ
2080 3304 2263 3393 παρὰ

268 3407 598 3481 Ἰωνάθου
634 3419 756 3482 τοῦ
784 3408 1139 3500 ἀρχιερέως
1173 3409 1504 3498 εἰπόντες,
1548 3404 1637 3490 ῶς
1666 3410 1989 3497 πέμψειεν
2016 3405 2266 3484 αὐτοὺς

278 3515 386 3584 ἐπὶ
411 3511 541 3604 τὴν
565 3510 683 3602 τῆς
731 3519 1102 3604 συμμαχίας
1141 3518 1541 3602 βεβαίωσιν,
1597 3518 1712 3602 τῆς
1748 3518 1999 3603 βουλῆς
2024 3514 2262 3582 ἐπικυ-
