2500 3882
331 110 453 174 238
916 169 928 182 ,
1002 108 1650 169 ΑΡΧΑΙΟΛΟΓΙΑΣ
1733 59 1742 76 ’

328 291 475 363 τίας
502 285 615 353 καὶ
643 279 811 372 πρὸς
830 284 915 353 σε’
926 334 947 369 ,
989 286 1308 371 βασιλεῦ,
1346 271 1646 371 καθαρὸς
1678 277 1968 370 ἀδελφὸς
2007 287 2146 352 ἔστι
2173 303 2315 371 μοι·

328 388 671 476 πρέποντα
688 390 769 478 τῇ
791 389 948 476 τιμῇ
967 390 1205 455 τοῦτον
1222 381 1635 473 συνίστημι.”
1670 382 1927 465 τούτοις
1945 379 1982 455 ὃ
2005 382 2321 473 βασιλεὺς

330 485 565 580 ἡσθεὶς
592 503 730 570 τοῖς
755 488 976 576 λόγοις
998 484 1118 557 τὸν
1146 482 1476 576 Ἰωνάθην
1505 486 1635 577 μὲν
1672 484 1988 576 ἠγάσατο
1997 493 2113 577 τῆς
2140 516 2316 575 γνω-

334 620 493 683 μης,
522 588 845 694 τάδελφῷ
872 590 948 661 δὲ
976 586 1186 659 αὐτοῦ
1212 597 1495 683 Ματθίᾳ
1518 586 1642 679 τὴν
1674 590 2047 680 ἱερωσύνην
2082 597 2316 661 ἔδωκε.

480 697 592 766 καὶ
616 691 758 784 μετ’
790 691 873 765 οὐ
895 689 1068 763 πολὺ
1092 692 1485 783 Πετρώνιον
1520 692 1647 782 μὲν
1671 692 1953 782 Μάρσος
1981 696 2319 777 διεδέξατο
2343 714 2367 753 ⁵

273 806 311 871 7
340 801 450 869 καὶ
490 803 703 868 διεῖπε
731 802 1022 886 Συρίαν·
1078 801 1291 875 Σίλας
1331 791 1465 865 δὲ
1435 824 1471 865 ο
1499 800 1620 865 τοῦ
1665 802 1989 884 βασιλέως
2016 789 2380 886 ἔπαρχος,

335 903 479 975 ἐπεὶ
504 898 616 971 δια
641 899 853 988 πάσης
879 895 1063 992 αὐτῷ
1085 897 1287 986 τύχης
1306 898 1602 987 ἐγεγόνει
1630 898 1879 985 πιστός,
1896 896 2144 970 οὐδένα
2170 908 2320 972 κίν-

333 1012 543 1076 δυνον
568 1000 749 1098 αὐτῷ
777 1000 938 1073 ποτε
976 1016 1332 1071 κοινωνεῖν
1370 999 1783 1090 ἀνηνάμενος
1822 999 1990 1072 ἀλλὰ
2026 1002 2325 1085 καὶτοὺς

329 1105 886 1206 σφαλερωτάτους
911 1100 1170 1185 ὐποδύς
1200 1104 1517 1185 πολλάκις
1543 1104 1821 1191 πόνους,
1850 1105 2321 1195 πεποιθήσεως

332 1203 417 1301 ἦν
459 1206 840 1296 ἀνάπλεως,
888 1207 1252 1297 προσήκειν
1293 1202 1789 1296 ὑπολαμβάνων
1830 1205 2159 1308 ἰσοτιμίαν
2198 1218 2315 1299 βε·
2353 1229 2398 1270 ¹⁰

333 1313 633 1404 βαιότητι
661 1320 908 1403 φιλίας.
948 1308 1209 1402 οὐδαμῇ
1234 1318 1467 1382 τοίνυν
1492 1307 2047 1383 ὑποκατεκλίνετο
2072 1337 2166 1406 τφ
2191 1319 2321 1400 βα-

333 1426 538 1502 σιλεῖ,
579 1423 955 1505 παρρησίαν
992 1414 1066 1484 δὲ
1109 1412 1220 1483 διὰ
1253 1414 1465 1504 πασης
1501 1409 1758 1504 ὁμιλίας
1797 1406 1953 1504 ἦγε,
2005 1412 2135 1485 κάν
2170 1431 2320 1496 ταῖς

333 1519 905 1609 φιλοφρονήσεσιν
953 1518 1208 1603 ἐγίνετο
1264 1516 1614 1607 φορτικός,
1666 1518 2021 1606 σεμνύνων
2076 1518 2326 1588 ἑαυτὸν

330 1620 661 1744 ἀμέτρως,
705 1622 817 1687 καὶ
845 1617 1160 1696 πολλάκις
1184 1645 1277 1710 τω
1303 1625 1572 1706 βασιλεῖ
1590 1616 1672 1687 τὰ
1687 1616 1952 1707 στυγνὰ
1977 1625 2093 1709 τῆς
2119 1621 2329 1711 τύχης

330 1721 515 1811 ἄγων
544 1728 638 1803 είς
666 1719 1075 1810 ἀνάμνησιν,
1117 1725 1229 1789 ἵνα
1257 1718 1380 1809 τὴν
1406 1722 1650 1789 εαυτοῦ
1674 1720 1820 1790 τότε
1850 1721 2158 1812 σπουδην
2184 1753 2325 1794 πα·
2362 1742 2400 1781 ¹5

291 1823 728 1916 ραδεικνύῃ·
783 1847 1079 1911 συνεχως
1105 1819 1171 1891 δ’
1203 1811 1291 1911 ἦν
1319 1850 1409 1902 ως
1444 1818 1617 1914 ὑπὲρ
1645 1820 1853 1893 αὐτοῦ
1879 1823 2075 1914 κάμοι
2102 1826 2331 1898 πολλὰ

328 1926 622 2013 διεξιων.
684 1926 941 1999 τούτων
983 1915 1111 1997 οὐν
1146 1921 1222 1995 τὸ
1263 1925 1623 2010 πλεονάζον
1661 1923 2039 2018 ονειδισμὸς
2070 1925 2325 2019 ἐδόκει,

336 2031 441 2104 διὸ
467 2031 854 2126 προσάντως
874 2026 910 2101 ὁ
938 2027 1254 2120 βασιλεὺς
1281 2032 1537 2118 ἐδέχετο
1563 2026 1688 2120 τὴν
1714 2029 2114 2121 ἀταμίευτον
2141 2059 2323 2124 παρ-

334 2143 576 2230 ρησίαν
601 2133 884 2227 τάνδρός
899 2155 927 2193 ἱ
957 2131 1079 2222 οὐχ
1107 2128 1329 2222 ἡδεῖαι
1359 2130 1488 2222 γὰρ
1514 2138 1590 2203 αι’
1610 2161 1747 2204 των
1772 2132 2031 2218 ἀδόξων
2054 2135 2324 2226 χρόνων
2456 2154 2458 2225 ᾖ

334 2238 757 2330 ἀναμνήσεις,
786 2235 1039 2327 εὐήθης
1066 2234 1143 2306 δὲ
1163 2231 1200 2306 ὁ
1222 2242 1546 2326 διηνεκῶς
1570 2233 1616 2306 ἅ
1639 2263 1798 2308 ποτε
1819 2234 2121 2328 ὠφέλησε
2149 2266 2319 2330 προ·
2359 2250 2400 2291 ²⁰
2455 2236 2456 2239 ¹

333 2345 583 2431 φέρων.
639 2342 823 2420 τέλος
848 2345 1018 2427 γοῦν
1040 2336 1405 2428 ἀνηρέθισε
1449 2339 1712 2430 σφόδρα
1739 2336 1775 2408 ὃ
1800 2348 2011 2423 Σίλας
2045 2348 2168 2412 τοῦ
2191 2350 2322 2430 βα-

332 2439 709 2523 σιλέως·τὸν
736 2440 997 2530 θυμόν,
1037 2437 1346 2523 κάκεῖνος
1371 2438 1542 2533 ὀργῇ
1577 2438 1860 2533 πλέον.ἢ
1887 2451 2181 2538 λογισμῷ
2213 2451 2319 2515 δι-

333 2544 492 2628 δοὺς
519 2541 598 2614 οὐ
627 2548 742 2633 τῆς
769 2545 1084 2635 ἐπαρχίας
1107 2540 1316 2632 μόνον
1342 2546 1694 2634 μετέστησε
1724 2543 1844 2617 τὸν
1869 2555 2119 2635 Σίλαν,
2148 2545 2324 2619 ἀλλὰ

190 2732 197 2743 Ι
328 2651 448 2719 καὶ
498 2649 847 2774 παρέδωκε
897 2645 1357 2737 δεθησόμενον
1409 2652 1503 2728 εἰς
1547 2645 1671 2737 τὴν
1717 2651 1982 2721 ἐκείνου
2027 2658 2321 2742 πατρίδα

339 2756 620 2843 πέμψας.
664 2750 892 2845 χρόνῳ
922 2749 997 2820 δὲ
1024 2748 1142 2820 τὸν
1165 2748 1395 2840 θυμὸν
1422 2748 1779 2842 ἠμβλύνθη
1794 2805 1815 2840 ,
1843 2756 1956 2823 καὶ
1982 2764 2324 2844 λογισμοῖς
2353 2767 2393 2806 ²⁵

340 2857 724 2947 εἰλικρινέσι
752 2851 877 2944 τὴν
894 2855 1048 2942 περὶ
1071 2849 1355 2944 τάνδρὸς
1383 2860 1606 2944 κρίσιν
1632 2856 1905 2945 ἐφῆκεν,
1925 2860 2018 2927 ἐν
2023 2862 2122 2951 νῷ
2149 2866 2320 2947 λαμ-

328 2963 568 3052 βάνων
592 2954 790 3039 οσους
814 2951 987 3049 ὑπὲρ
1013 2959 1276 3027 ἐκείνου
1303 2956 1552 3039 πόνους
1579 2961 1829 3041 ἐκεῖνος
1854 2926 2116 3048 ἀνέτλή.
2155 2956 2319 3049 ἡμέ-

339 3095 467 3155 ραν
488 3053 614 3135 οὐν
638 3060 960 3152 ἑορταζων
985 3055 1196 3130 αὐτοῦ
1222 3057 1665 3147 γενέθλιον,”
1627 3089 1736 3132 οτε
1763 3068 1965 3133 πᾶσιν
1993 3091 2088 3133 ων
2114 3055 2322 3153 ἦρχεν

340 3162 752 3258 εὐφροσύναι
792 3171 1200 3234 καθίσταντο
1238 3162 1544 3251 θαλειαι,
1590 3161 1710 3235 τὸν
1745 3175 1969 3237 Σίλαν
2008 3163 2319 3237 ἀνεκάλει

338 3275 715 3388 παραυτίκα
738 3269 1088 3338 συνέστιον
1109 3263 1313 3360 αὐτω
1336 3265 1801 3356 γενησόμενον.
1854 3265 1891 3338 ὃ
1927 3271 2007 3338 δέ
2038 3269 2318 3361 (τρόπον
2349 3291 2390 3331 ³⁰

337 3392 465 3451 γαρ
503 3372 889 3460 ἐλευθέριος
924 3360 1037 3459 ἦν)
1087 3369 1305 3439 ἐδόκει
1351 3374 1865 3462 προσειληφέναι
1903 3376 2177 3443 δικαίαν
2210 3379 2315 3443 αἰ-

332 3468 488 3530 vcav
529 3462 765 3555 ῡθνῆς,
805 3469 893 3560 ἢν
928 3468 1053 3543 οὐκ
1088 3469 1548 3586 ἀπεκρύπτετο
1586 3470 1752 3566 πρὸς
1789 3473 1945 3557 τούς
1976 3477 2318 3571 μετιόντας
