2500 3882
244 179 327 244 84
423 158 430 163 ”
890 176 1539 241 ΑΡΧΑΙοΛοΓΙΑΣ
1600 172 1629 239 ².
1669 117 1675 133 ’

245 354 508 440 ξάντων
532 347 858 442 γεγονότα
881 350 996 420 καὶ
1022 347 1149 438 τήν
1183 375 1345 420 ποτε
1384 345 1641 437 πολλὴν
1677 341 1862 441 αὐτῷ
1899 349 2250 435 συστᾶσαν

249 456 462 547 τύχην
499 461 867 553 προφανῶς
906 448 1116 522 αὐτὸν
1152 467 1294 533 τοῖς
1335 454 1606 543 ἐχθροῖς
1651 416 2247 541 παραδεδωκυῖαν,

257 566 367 646 [οἳ]
398 558 512 628 καὶ
545 554 892 646 ἀπλήστως
916 561 1153 643 μίσους
1183 560 1307 624 τοῦ
1338 552 1507 646 πρὸς
1534 550 1743 624 αὐτὸν
1762 555 2245 642 ἐνεφοροῦντο

251 663 663 733 κατέσπευδε
691 659 766 729 δὲ
793 664 993 728 τοῦτο
1038 653 1123 726 οὗ
1150 663 1477 727 τοσοῦτον
1503 664 1718 749 ἔχθρα
1743 662 1880 726 τῶν
1909 657 2248 742 ἐπικεχει-

253 763 557 856 ρηκότων
604 773 1005 852 κατηγορεῖν
1045 754 1135 842 ὥς
1181 761 1459 850 μεγέθει
1499 760 1743 849 τόλμης
1781 785 1880 828 ων
1913 757 2244 845 ἐπενόησε
2282 779 2312 820 ⁵

252 873 530 953 κακιῶν,
557 867 671 934 καὶ
702 869 1100 952 δυσμενείας
1136 870 1253 951 τῆς
1296 861 1462 952 πρὸς
1506 863 1625 934 τὸν
1657 862 1910 950 πατέρα
1938 861 2054 930 καὶ
2080 856 2249 940 τοὺς

254 966 654 1067 ἀδελφούς,
667 965 959 1047 στάσεως
991 967 1113 1039 καὶ
1140 963 1709 1055 ἀλληλοφθοριῶν
1751 961 2250 1052 ἀναπεπληκως

251 1072 372 1145 τὸν
400 1070 608 1159 οἷκον,
637 1072 750 1139 καὶ
777 1068 940 1158 μήτε
969 1063 1148 1157 μίσει
1173 1066 1342 1139 κατὰ
1362 1073 1561 1158 δίκην
1588 1068 1751 1158 μήτε
1774 1073 1965 1169 φιλία
1994 1062 2086 1135 δι’
2123 1092 2250 1135 ευ-

253 1201 449 1244 νοιαν
487 1171 863 1262 χριόμενος,
903 1167 1053 1241 ἀλλ’
1114 1167 1203 1253 ὥς
1254 1171 1571 1260 μελλήσοι
1610 1167 1794 1265 αὐτῷ
1842 1162 2247 1259 συμφέρειν.

177 1264 182 1279 ’
253 1267 353 1346 ὦν
380 1272 694 1347 ἁπάντων
732 1279 806 1345 ἐκ
849 1271 1404 1358 πλέονος.αὗτοῖς
1441 1280 1511 1344 οἰ
1543 1276 1778 1345 πολλοὶ
1818 1293 2245 1363 προανεσκο-
2290 1290 2341 1332 1⁰

255 1381 575 1469 πήμένοι,
616 1383 808 1467 οἵπερ
852 1376 936 1465 δὴ
982 1376 1266 1466 μάλιστα
1308 1373 1512 1468 ἀρετῇ
1550 1384 1813 1467 κρίνειν
1857 1375 2250 1464 πεφύκασιν

256 1483 367 1553 ἐπὶ
419 1496 556 1563 τοῖς
607 1481 947 1570 πράγμασι
988 1479 1100 1550 διὰ
1142 1479 1218 1550 τὸ
1262 1481 1376 1551 καὶ
1430 1478 1655 1571 ὀργῆς
1690 1477 2250 1569 ἀπηλλαγμένους

167 1642 172 1647 .
254 1587 686 1673 ἐπιψηφίζειν
724 1599 862 1664 τοῖς
901 1584 1355 1671 γιγνομένοις,
1410 1580 1741 1672 καταβοὰς
1794 1586 1869 1652 ἐν
1907 1597 2045 1662 τοῖς
2080 1581 2251 1667 πρὶν

257 1688 636 1774 εἰρχθέντες
664 1696 1045 1772 ποιεῖσθαι,
1087 1688 1633 1777 παραγενομένης
1662 1683 1889 1767 ἀδείας
1924 1685 2251 1773 ἐξέφερον

123 1854 131 1865 ,
255 1794 350 1871 εἰς
377 1790 582 1877 μέσον
608 1783 822 1857 ὁπόσα
861 1793 1124 1858 εἰδεῖεν.
1203 1787 1627 1880 πολύτροποί
1646 1817 1733 1860 ,τε
1773 1794 2032 1859 κακιῶν
2074 1783 2250 1856 ἀπο-
2287 1813 2336 1854 1⁵

256 1894 495 1975 δείξεις
529 1880 737 1981 ἦσαν,
787 1888 1177 1981 οὐδαμόθεν
1220 1891 1522 1975 ψεύδους
1560 1899 1783 1963 αἰτίαν
1808 1894 2251 1982 ’ἐγκαλεῖσθαι

258 1994 631 2082 δυνάμεναι
673 1991 786 2064 διὰ
812 1991 887 2064 ’τὸ
916 1994 1080 2084 μήτε
1109 1991 1349 2089 εὐνοίᾳ
1389 2003 1470 2087 τῇ
1497 1995 1665 2087 πρὸς
1685 1993 1996 2087 Ἡρώδην
2022 1995 2251 2082 λέγειν

257 2095 419 2180 τοὺς
456 2096 780 2186 πολλούς,
820 2096 984 2187 μήτε
1028 2094 1289 2191 ὑποψίᾳ
1341 2099 1689 2170 κινδύνων
1741 2106 1931 2187 σιγῆς
1985 2093 2101 2186 ἐφ’
2147 2090 2253 2178 οἷς

256 2207 477 2290 ἔχοιεν
506 2207 720 2270 εἰπεῖν
746 2201 1274 2290 ἐγκαλουμένης,
1314 2199 1485 2271 ἀλλὰ
1523 2210 1616 2296 τῷ
1654 2202 1917 2328 πονηρά
1958 2227 2029 2271 τε
2058 2195 2250 2289 ἡγεῖ-

262 2309 457 2376 σθαι
454 2301 536 2372 τὰ
562 2302 943 2393 πράγματα,
985 2305 1099 2372 καὶ
1142 2302 1262 2373 τὸν
1280 2301 1717 2395 Ἀντίπατρον
1747 2332 1873 2375 ουκ
1909 2301 2249 2395 ἀσφαλεία
2283 2332 2338 2373 20

261 2410 343 2495 τῆ
375 2400 682 2495 Ἡρώδου
725 2410 1016 2530 πονηρία
1054 2405 1131 2475 δὲ
1170 2411 1252 2494 τῇ
1304 2403 1517 2477 αυτοῦ
1558 2407 1772 2496 πάσης
1813 2403 1999 2491 ἄξιον
2037 2433 2252 2495 τιμω-

176 2532 187 2557 ¹
263 2516 433 2598 ρίας.
486 2506 701 2576 πολλά
726 2533 797 2575 τε
821 2498 910 2596 ἦν
934 2509 1049 2576 καὶ
1037 2505 1281 2632 ινἱπαρόι
1287 2515 1558 2579 πολλων
1588 2505 1686 2591 οἷς
1711 2509 1800 2599 μὴ
1830 2510 2252 2601 παρήγγελτο

171 2623 178 2630 ’
262 2616 478 2681 εἰπεῖν
505 2605 1004 2701 ἀγορευόμενα,
994 2605 1185 2679 ωστε
1209 2607 1332 2680 τὸν
1350 2606 1823 2706 Ἀντίπατρον,
1865 2620 2125 2703 καίπερ
2142 2612 2255 2681 ἐπὶ

260 2722 577 2785 πλεῖστον
613 2711 831 2783 πάντα
868 2709 1333 2798 δεινότατον”
1293 2741 1456 2785 οντα
1495 2714 1881 2798 ψεύσασθαι
1921 2717 2035 2785 καὶ
2081 2711 2252 2784 ἀπε-

262 2821 654 2907 ρυθριᾶσαι,
708 2816 878 2904 μηδὲ
935 2811 1100 2907 οσον
1147 2812 1278 2912 ἀπὸ
1324 2825 1555 2907 φωνῆς
1597 2815 1700 2891 ἐπ’
1759 2814 2083 2901 ἀντιλέξει
2124 2816 2252 2905 τὴν
2278 2842 2332 2883 ‘25

258 2917 456 3009 ίσχύν
483 2920 936 3009 εἰσφέρεσθαι.

415 3019 764 3112 Νικολάου
801 3022 879 3092 δὲ
916 3023 1354 3110 παυσαμένου
1393 3029 1532 3093 τῶν
1573 3052 1646 3094 τε
1685 3025 1907 3113 λόγων
1944 3025 2060 3094 καὶ
2112 3049 2254 3092 των
2350 3017 2355 3026 ’

263 3126 582 3214 ἐλέγχων,
603 3120 846 3213 ’δᾶρος
888 3127 1273 3224 ἐκέλευσεν
1262 3115 1715 3219 ’Λντίπατρον
1734 3123 1847 3197 ἐπ’
1881 3122 2254 3215 ἀπολογίαν

265 3254 402 3295 των
459 3226 890 3316 ἐγκλημάτων
939 3243 1217 3318 χωρεῖν,
1275 3238 1345 3299 εἴ
1375 3256 1552 3312 τινες
1591 3259 1775 3300 αυτω
1829 3230 2254 3319 παρασκευαὶ

266 3332 389 3395 τοῦ
418 3327 507 3415 μὴ
537 3329 745 3422 ἐνόχω
772 3345 908 3412 τοῖς
934 3333 1442 3421 ἐπιφερομένοις
1484 3332 1687 3404 εἶναι·
1739 3336 1854 3404 καὶ
1889 3331 2017 3423 γὰρ
2047 3328 2251 3414 αυτὸς
2285 3361 2341 3403 ao

269 3421 589 3511 ευχεσθαι
606 3480 628 3517 ,
668 3433 783 3501 καὶ
807 3431 928 3503 τὸν
957 3437 1211 3524 πατέρα
1241 3436 1493 3506 εἰδέναι
1520 3464 1660 3507 των
1686 3432 1940 3564 ὁμοίων
1970 3432 2253 3524 ευχόμε-

267 3552 425 3612 νον,
465 3530 677 3616 μηδὲν
712 3531 924 3606 αὐτὸν
961 3532 1329 3609 ἀδικοῦντα
1371 3547 1629 3630 φωρᾶν.
1699 3537 1740 3616 6
1777 3536 1846 3610 δ’
1889 3540 1999 3611 ἐπὶ
2040 3538 2253 3627 στόμα
