2500 3882
236 142 318 203 34
908 135 1567 211 ΑΡΧΑΙΟΛΟΓΙΑΣ

236 302 412 389 μόνη
458 300 588 390 γὰρ
631 297 1102 388 ἀναπείθουσα
1145 296 1270 369 τόν
1301 294 1606 385 ἀδελφὸν
1645 298 1972 394 ἐκβαλεῖν
1994 290 2083 382 ἢν
2123 297 2259 382 ἔχει

237 413 561 487 γυναῖκα,
615 408 851 489 λαβεῖν
894 400 969 466 δὲ
1009 397 1360 484 θυγατέρα
1404 393 1530 483 τὴν
1576 396 1931 484 βασιλέως,
1967 386 2260 472 εἰκότως

239 496 355 569 ὑπ’
391 502 658 567 ἐκείνου
690 503 1121 587 μεμισῆσθαι.
1215 501 1496 564 τοιαῦτα
1535 497 1892 582 λεγούσης,
1937 495 2048 561 καὶ
2091 499 2260 560 πολ-

242 600 431 682 λάκις
497 601 625 689 μὲν
692 601 1255 685 ἐπιδραττομένης
1318 603 1455 665 τών
1509 623 1758 684 τριχων
1814 594 2136 673 πολλάκις
2186 591 2260 660 δὲ

238 699 621 787 τυπτούσης
656 697 738 766 τὰ
768 701 1039 783 στέρνα,
1090 692 1131 783 ἡ
1161 696 1287 783 μὲν
1318 692 1474 779 ὄψις
1505 694 1640 783 εἶχέ
1662 722 1725 764 τι
1762 691 1933 781 πρὸς
1971 690 2097 779 τὴν
2134 689 2259 779 ἀρ·
2291 723 2319 763 5

240 820 441 888 νησιν
492 796 826 885 πιθανόν,
883 795 926 884 ἡ
974 797 1049 865 δὲ
1094 798 1467 883 κακοήθεια
1510 801 1637 864 τοῦ
1692 794 1953 882 τρόπου
2007 791 2135 880 τὴν
2188 793 2265 859 ἐν

246 914 385 980 τοῖς
411 899 802 984 γενομένοις
830 894 1199 983 ὑπόκρισιν
1226 892 1708 982 ἀπεσήμαινεν.
1769 890 1805 962 ὁ
1828 895 1912 962 δὲ
1940 889 2268 980 Φερώρας

246 1002 339 1077 εἰς
383 999 589 1082 μέσον
638 993 1036 1082 ἀπείληπτο,
1094 994 1308 1082 μηδὲν
1360 990 1699 1081 εὔσχημον
1743 998 1838 1073 εἰς
1891 989 2267 1076 ἀπολογίαν

247 1099 440 1182 ἔχων,
477 1100 700 1167 ἐἰπεῖν
730 1096 855 1181 μὲν
891 1091 1360 1182 ὡμολογηκώς,
1399 1090 1685 1161 ἀκοῦσαι
1723 1088 1793 1160 δ’
1833 1086 1918 1159 οὐ
1950 1087 2271 1157 πιστευό-

245 1220 466 1281 μενος.
527 1196 790 1280 ἐγένετο
832 1192 957 1280 μὲν
995 1185 1125 1261 οὖν
1167 1194 1276 1261 ἐπὶ
1310 1199 1544 1261 πλεῖον
1587 1188 1633 1278 ἥ
1667 1215 1740 1258 τε
1788 1188 2112 1275 σύγχυσις
2153 1187 2268 1256 καὶ
2304 1213 2346 1254 ιο

244 1290 287 1380 ἡ
332 1300 471 1362 τών
525 1293 750 1379 λόγων
792 1298 887 1375 εἰς
930 1289 1279 1378 ἀλλήλους·
1313 1288 1587 1378 ἅμιλλα·
1639 1292 1827 1369 τέλος
1870 1289 1946 1356 δὲ
1987 1284 2025 1355 6
2069 1294 2270 1376 βασι-

247 1391 406 1472 λεὺς
445 1390 569 1461 τόν
612 1418 685 1460 τε
728 1387 1030 1476 ἀδελφὸν
1059 1390 1172 1458 καὶ
1200 1387 1325 1475 τήν
1355 1386 1662 1475 ἀδελφὴν
1689 1385 2072 1476 μεμισηκὼς
2101 1383 2269 1455 ἀπε-

249 1493 563 1576 πέμπετο,
595 1487 850 1557 καὶτὸν
876 1486 1037 1558 υίόν
1068 1488 1422 1566 ἐπαινέσας
1456 1494 1572 1573 τῆς
1601 1488 1984 1575 ἐγκρατείας
2010 1489 2123 1555 καὶ
2144 1489 2269 1553 τοῦ

246 1587 416 1676 πρὸς
445 1585 658 1656 αὐτὸν
688 1585 1079 1674 ἀνενεγκεῖν
1109 1585 1271 1667 τοὺς
1299 1587 1568 1674 λόγους,
1598 1586 1726 1669 ὀψὲ
1759 1593 1878 1674 τῆς
1901 1584 2092 1675 4ιῖίρας
2115 1590 2274 1674 περὶ

111 1684 123 1695 ’
247 1694 630 1777 θεραπείανς
655 1695 780 1755 τοῦ
819 1686 1123 1774 σώματος
1151 1687 1440 1773 ἐγένετο.
1511 1687 1826 1774 τοιαύτης
1867 1687 1941 1756 δὲ
1983 1680 2101 1774 τῆς
2137 1691 2271 1774 μά.-
2304 1713 2350 1753 15

251 1814 369 1875 χης
398 1785 822 1875 ἐμπεσούσης
852 1791 1075 1866 κακῶς
1102 1783 1399 1873 ἤκουσεν
1441 1782 1485 1874 ἡ
1518 1785 1816 1874 Σαλώμη
1846 1784 2025 1875 (παρ’
2064 1784 2274 1873 αὐτῆς

250 1886 381 1974 γὰρ
411 1882 632 1955 ἐδόκει
662 1891 1067 1973 κεκινῆσθαι
1100 1883 1182 1955 τὰ
1216 1886 1371 1973 περὶ
1402 1883 1528 1972 τὴν
1556 1885 1909 1974 διαβολήν)
1940 1889 2109 1956 αἵτε
2139 1891 2267 1955 τοῦ

253 1988 579 2074 βασιλέως
620 1998 937 2073 γυναῖκες
982 1982 1315 2072 ἤχθοντο,
1358 1983 1564 2072 φύσει
1603 1986 2138 2074 δυσχερεστάτην
2174 1993 2271 2055 εἰ·

255 2089 443 2154 δυῖαι
463 2086 575 2153 καὶ
602 2087 970 2172 γινομένην
1000 2080 1215 2153 αλλοτ’
1252 2080 1487 2172 ἀλλην,
1518 2086 1687 2153 κατὰ
1709 2085 1988 2173 καιρούς
2017 2085 2276 2174 ἐχθρὰν

253 2186 367 2252 καὶ
399 2190 628 2272 φίλην.
690 2189 928 2270 ἔλεγον
969 2210 1098 2251 ουν
1128 2169 1237 2253 ἀεί
1282 2212 1345 2252 τι
1389 2183 1562 2270 πρὸς
1601 2183 1723 2252 τὸν
1757 2182 2068 2306 Ηρώδην
2108 2184 2263 2258 κατ’
2306 2210 2360 2252 2⁰

250 2281 482 2372 αὐτῆς,
515 2289 634 2352 καί
656 2309 722 2352 τι
756 2284 1110 2372 συμπεσὸν
1139 2285 1249 2352 ἐπὶ
1291 2281 1579 2370 μεῖζον’
1546 2282 1757 2373 ήγαγε
1786 2283 1912 2373 τὴν
1949 2292 2043 2430 εἰς
2068 2293 2275 2357 τοῦτο

259 2389 659 2470 παρρησίαν.

188 2505 223 2560 5
425 2473 514 2569 ἦν
539 2482 664 2569 μὲν
689 2479 817 2569 γὰρ
841 2479 877 2569 6
905 2487 1023 2567 τῆς
1039 2478 1346 2569 Ἀραβίας
1373 2483 1694 2570 βασιλεὺς
1709 2425 2048 2573 Ὀβόδας’
2010 2484 2355 2574 ἀπράγ-

129 2629 136 2634 -
248 2607 397 2671 μων
446 2584 558 2650 καὶ
602 2581 837 2669 νωθης
874 2580 999 2669 τὴν
1043 2582 1300 2671 φύσιν,
1351 2592 1690 2674 Συλλαῖος
1718 2581 1784 2653 δ’
1820 2582 2004 2679 αυτῷ
2044 2586 2279 2678 διςόκει

248 2685 336 2754 τὰ
374 2685 625 2771 πολλά,
685 2685 909 2766 δεινὸς
952 2682 1127 2772 ἀνὴρ
1170 2688 1282 2754 καὶ
1315 2683 1461 2773 -τήν
1509 2682 1777 2774 ἡλικίαν
1820 2690 1971 2768 νέος
2017 2691 2114 2756 ἔτι
2159 2688 2274 2756 καὶ
2313 2711 2366 2754 2⁸

247 2784 472 2864 καλός.
557 2810 756 2865 ουτος
817 2782 953 2854 υπὸ
997 2791 1221 2874 χρείας
1278 2778 1456 2879 [οὖν]
1506 2788 1692 2868 τινὸς
1746 2782 1977 2855 ἐλθών
2019 2813 2112 2868 ως
2155 2786 2281 2856 τὸν

238 2882 552 2971 Ἡρώδην
590 2889 1021 2952 συνδειπνῶν
1060 2882 1216 2953 εἶδε
1223 2884 1351 2971 τήν
1364 2885 1761 3008 Σαλώμην,
1796 2887 1909 2954 καὶ
1951 2883 2073 2955 τόν
2102 2891 2282 2954 νοῦν

251 2988 402 3069 ἔσχε
438 2981 607 3070 πρὸς
634 2980 883 3069 αῧτήν·
928 2983 1285 3070 γινώσκων
1316 2980 1383 3052 δ’
1430 3010 1535 3053 οτι
1574 2986 1685 3054 καὶ
1725 2987 1897 3072 χήρα
1933 2986 2283 3072 τυγχάνοι,

250 3083 602 3166 διελέγετο.
682 3081 981 3168 Σαλώμη
1034 3083 1109 3149 δὲ
1163 3085 1274 3150 καὶ
1329 3095 1558 3169 χεῖρον
1608 3080 1648 3170 ἢ
1693 3083 1896 3152 πάλαι
1937 3088 2283 3173 φερομένη

253 3177 432 3289 παρὰ
466 3174 799 3268 τάδελφῷ,
845 3180 958 3248 καὶ
1000 3180 1124 3248 τὸν
1152 3186 1515 3249 νεανίσκον
1546 3179 1676 3250 οὐκ
1709 3180 1997 3264 ἀπαθῶς
2023 3180 2278 3272 ὁρῶσα,
2321 3202 2381 3245 ³st

254 3263 422 3345 πρὸς
448 3273 570 3339 τὸν
598 3275 818 3363 γάμον
846 3274 1151 3364 ὥρμητο·
1190 3291 1331 3358 τοῖς
1358 3304 1429 3345 τε
1455 3278 1703 3364 μεταξυ
1739 3281 2138 3366 φοιτώντων
2167 3285 2283 3352 ἐπὶ

255 3353 329 3418 τὸ
383 3363 662 3436 δεῖπνον
716 3375 1105 3459 ἐνεφαίνετο
1160 3382 1367 3444 πλείω
1425 3401 1497 3443 τε
1554 3379 1667 3443 καὶ
1719 3373 1809 3463 μὴ
1854 3380 2104 3478 μέτρια
2155 3387 2283 3468 τῆς
