2500 3882
282 102 356 163 14
576 154 583 161 .
946 101 1603 177 ⁸22112212211024015212:

272 278 396 345 τοῦ
435 277 606 347 ναοῦ
621 323 642 360 ,
682 269 897 342 πολλὰ
928 285 1066 353 τοῖς
1092 299 1166 342 τε
1206 274 1516 364 λατόμοις
1541 277 1654 349 καὶ
1686 274 1945 347 τέκτοσι
1973 277 2262 367 χρήματα

275 374 508 457 δόντες
545 377 658 446 καὶ
691 372 773 444 τὰ
818 373 983 467 πρὸς
1018 373 1296 473 τροφὴν
1317 382 1455 447 τῶν
1495 380 1969 469 ἐργαζομένων.
2032 388 2178 460 τοῖς
2193 408 2262 451 τε

274 485 639 560 Σιδωνίοις
663 473 797 568 ἡδῦ
823 480 936 548 καὶ
962 483 1242 567 κοῦφον
1248 470 1333 568 ἦν
1358 479 1441 549 τά
1467 507 1539 550 τε
1560 484 1839 572 κέδρινα
1864 482 2263 570 κατάγουσιν

276 588 352 655 ἐκ
377 587 500 652 τοῦ
525 582 828 670 Λιβάνου
862 580 1061 668 ξύλα,
1095 581 1382 671 δήσασιν
1408 579 1579 655 αὐτα
1604 585 1717 653 καὶ
1752 590 2027 676 σχεδίαν
2060 589 2257 675 πηξα

277 689 534 777 μένοις,
575 692 671 765 είς
705 681 823 754 τὸν
862 688 980 774 τῆς
1011 681 1227 774 Ἰόπης
1258 687 1549 778 κομίζειν
1583 688 1842 774 λιμένα.
1909 694 2105 761 τοῦτο
2142 687 2263 778 γὰρ
2293 676 2345 754 5

275 816 544 878 πρωτον
582 788 706 876 μὲν
742 791 969 880 Κῦρος
1009 789 1356 875 ἐκέλευσε,
1393 788 1542 859 τότε
1584 788 1660 858 δὲ
1699 798 2000 880 Δαρείου
2039 792 2264 867 κελεύ-
2382 832 2386 841 ·

275 914 514 971 σαντος
543 892 825 978 ἐγένετο.
914 909 915 913 ’
2309 900 2318 909 ”

431 997 507 1063 ἐν
546 997 640 1088 τῷ
683 994 1002 1123 δευτέρω
1021 998 1177 1063 ἔτει’
1193 997 1310 1081 τῆς
1349 998 1443 1074 εἰς
1486 988 1907 1084 Ιεροσόλυμα
1944 944 2269 1083 καθόδου,
2316 1016 2320 1022 ·

276 1102 414 1167 τῶν
459 1093 810 1168 Ἰουδαίων
846 1096 1029 1185 μηνὶ
1063 1098 1359 1221 δευτέρω
1381 1101 2024 1186 παραγενομένων,
2019 1107 2266 1168 συνεί-

279 1226 427 1289 χετο
456 1195 499 1290 ἦ
538 1204 663 1299 τοῦ
699 1203 867 1270 ναοῦ
908 1198 1288 1287 κατασκευή
1302 1250 1321 1286 ,
1357 1199 1469 1268 καὶ
1506 1197 1662 1282 τοὺς
1698 1207 2058 1290 θεμελίους
2096 1203 2353 1291 &yet-10

276 1331 517 1391 ραντες
556 1308 637 1396 τῇ
669 1309 1001 1395 νουμηνία
1041 1306 1165 1372 τοῦ
1206 1296 1528 1393 δευτέρου
1555 1301 1762 1394 μηνὸς
1798 1309 1919 1377 τοῦ
1955 1307 2270 1394 δευτέρου

280 1414 471 1488 ἔτους
508 1405 1018 1501 ἐπωκοδόμουν,
1060 1403 1592 1495 προστησάμενοι
1625 1434 1764 1477 των
1806 1412 2035 1498 ἔργων
2064 1417 2266 1477 Λευι-

278 1538 419 1579 των
454 1536 527 1578 τε
565 1506 724 1589 τοῦς
763 1505 1066 1603 εἰκοστὸν
1099 1514 1244 1608 ἔτος
1264 1506 1411 1598 ἤδη
1451 1509 1838 1596 γεγονότας,
1874 1511 1986 1579 καὶ
2014 1505 2272 1599 Ἰησοῦν

279 1608 394 1681 καὶ
419 1608 574 1692 τοὺς
600 1604 791 1692 υίους
820 1607 1053 1680 αυτοῦ
1062 1595 1177 1683 καὶ
1214 1608 1372 1691 τοῦς
1411 1608 1780 1699 ἀδελφούς,
1822 1615 1935 1685 καὶ
1960 1618 2269 1702 Ζωδμίη-

282 1726 419 1786 λον
409 1712 547 1785 τὸν
571 1711 872 1802 αδελφὸν,
896 1710 1113 1784 Ἰούδα
1137 1718 1260 1783 τοῦ
1281 1712 1731 1804 Ἀμιναδάβου
1758 1717 1886 1786 καὶ
1896 1743 2054 1796 τους
2086 1714 2274 1797 υίοῦς
2315 1734 2361 1774 ¹5

276 1815 513 1889 αὐτοῦ.
584 1812 767 1889 καὶὸ
795 1816 921 1906 μὲν
945 1815 1139 1903 ναός,
1173 1815 1350 1906 πάσῃ
1377 1821 1815 1908 χρησαμένων
1851 1824 2117 1907 σπουδῇ
2143 1825 2282 1889 τῶν

282 1919 404 2011 τὴν
433 1921 829 2010 ἐπιμέλειαν
852 1921 1473 2011 ἐγκεχειρισμένων,
1512 1925 1766 1995 θᾶττον
1792 1916 1835 2011 ἢ
1864 1922 2277 2018 προσεδόκηῇ

210 2089 211 2092 ,
284 2047 402 2098 σεν
441 2023 526 2097 ἄν
562 2052 662 2105 τις
709 2027 906 2112 ἔλαβε
947 2027 1166 2104 τέλος·
1223 2020 1752 2114 ἀπαρτισθέντος
1794 2025 1870 2095 δὲ
1911 2031 2032 2095 τοῦ
2069 2030 2282 2116 ἱεροῦ,

284 2126 448 2218 μετὰ
487 2134 879 2215 σαλπίγγων
908 2131 1201 2219 οίίὲρεῖς
1235 2142 1379 2210 ταῖς
1414 2126 1749 2217 συνήθεσι
1779 2137 2044 2212 στολαῖς
2085 2155 2280 2199 κεκο-

285 2233 640 2321 σμημένοι,
684 2232 795 2302 καὶ
837 2234 906 2300 οἱ
926 2236 1205 2301 Λευῖται
1233 2231 1345 2310 καὶ
1374 2233 1445 2301 οἱ
1469 2225 1766 2315 Ἀσάφου
1805 2237 2072 2317 παῖδες,
2110 2230 2277 2303 ἇνα-
2318 2252 2372 2291 2⁰

283 2332 558 2412 στάντες
594 2329 859 2420 ὕμνουν
896 2329 1015 2401 τὸν
1053 2329 1252 2418 θεόν,
1294 2327 1383 2418 ὥς
1420 2329 1556 2421 τὴν
1588 2338 1683 2413 είς
1722 2329 1928 2402 αὐτὸν
1964 2329 2284 2419 εὐλογίαν
2360 2419 2365 2424 ³

284 2440 592 2523 Δαυίδης
617 2436 953 2517 κατέδειξε
978 2460 1259 2540 πρωτος.
1315 2439 1383 2506 oc
1406 2432 1471 2504 δ’
1508 2438 1706 2525 ἱερεῖς
1725 2436 1837 2503 καὶ
1861 2442 2141 2505 Λευιται
2167 2438 2286 2504 καὶ

285 2565 424 2608 των
461 2541 764 2628 πατριῶν
801 2542 872 2606 oc
891 2533 1372 2629 πρεσβύτεροι,
1416 2534 1534 2612 τὸν
1575 2537 1901 2627 πρότερον
1938 2535 2107 2607 ναὸν
2137 2555 2288 2619 ταῖς

285 2638 571 2731 μνήμαις
595 2632 1086 2721 ἀναπολοῦντες
1111 2640 1424 2730 μέγιστόν
1448 2667 1520 2716 τε
1547 2643 1657 2710 καὶ
1694 2648 2288 2733 πολυτελέστατον,

282 2746 397 2817 καὶ
419 2742 539 2817 τὸν
562 2745 1012 2833 γεγενημένον
1031 2738 1318 2833 ὁρωντες
1339 2739 1472 2814 ὑπὸ
1501 2750 1824 2832 πτωχείας
1850 2746 2289 2838 ἐνδεέστερον
2325 2772 2383 2812 25

212 2923 216 2930 ,
283 2854 405 2919 τοῦ
432 2848 638 2922 πάλαι
663 2846 1341 2935 κατασκευαζόμενον,
1370 2842 1532 2917 οσον
1563 2846 1701 2917 εἶεν
1720 2851 1836 2936 τῆς
1863 2843 2139 2937 αρχαίας
2164 2876 2285 2918 ευ-

288 2957 637 3042 δαιμονίας
664 2946 1157 3040 υποβεβηκότες
1181 2951 1295 3020 καὶ
1321 2955 1437 3039 τῆς
1461 2947 1645 3033 ἀξίας
1678 2954 1799 3020 τοῦ
1824 2956 1996 3022 ναοῦ
2025 2950 2286 3041 λογιζό-

287 3071 511 3141 μενοι,
554 3053 904 3146 κατήφουν
941 3055 1054 3124 καὶ
1082 3058 1197 3143 τῆς
1235 3054 1348 3123 ἐπὶ
1385 3052 1600 3146 τούτῳ
1642 3052 1856 3143 λύπης
1892 3070 2164 3143 κρατεῖν
2202 3052 2293 3124 οὗ

290 3155 653 3244 δυνάμενοι
684 3159 874 3248 μέχρι
899 3155 1184 3248 θρήνων
1211 3157 1335 3228 καὶἪ
1353 3155 1670 3248 δακρύων
1698 3156 2087 3248 προήγοντο.
2141 3153 2178 3226 ὁ
2208 3157 2294 3227 δὲ
2341 3149 2344 3150 ’

288 3253 444 3335 λαός
478 3253 703 3347 ἠγάπα
740 3275 876 3340 τοῖς
907 3264 1193 3352 παροῦσι
1224 3261 1337 3340 καὶ
1368 3266 1464 3353 τῷ
1487 3254 1697 3354 μόνον
1731 3264 2161 3349 οἰκοδομῆσαι
2203 3257 2289 3334 τὸ
2333 3286 2396 3332 30

288 3357 508 3446 ἱερόν,
556 3363 684 3426 τοῦ
728 3362 1055 3453 πρότερον
1106 3358 1298 3442 ὄντος
1336 3360 1582 3434 οὐδένα
1626 3361 1830 3451 λόγον
1884 3362 2295 3451 ποιούμενος

287 3456 441 3529 οὐδ’
488 3455 894 3551 ἀνάμνησιν,
934 3462 1095 3539 οὐδὲ
1129 3462 1294 3555 πρὸς
1318 3463 1441 3556 τὴν
1471 3467 1825 3559 σύγκρισιν
1855 3468 2120 3537 ἐκείνου
2153 3474 2288 3555 βα,-
