2500 3882
324 134 404 196 82
832 152 839 157 ·
981 132 1639 193 ΑΡΧΑΙΟΛΟΓΙΑΣ

274 351 278 355 ·
324 306 699 398 τετράφθαι
725 311 1033 395 χρῆσθαι.
1096 301 1156 375 ’ὃ
1204 304 1281 383 δὲ
1312 304 1574 374 τούτων
1599 332 1673 375 ,τι
1701 302 2004 393 παραβὰς
2035 299 2317 373 ἀποτιν-

324 410 506 481 νύτω
533 425 669 491 τοῖς
700 414 996 492 ίερεῦσιν
1023 405 1356 498 ἀργυρίου
1385 405 1681 496 δραχμὰς
1709 413 2088 497 τρισχιλίας.

481 519 730 600 ἔγραψε
758 502 1221 601 δὲ’μαρτυρῷν
1247 504 1409 600 ἦμῖν
1439 505 1788 600 εὐσέβειάν
1825 537 1896 580 τε
1922 512 2036 580 καὶ
2064 514 2317 598 πίστιν,

327 613 527 705 ἡνίκα
567 621 1041 705 νεωτερίζοντα
1086 612 1168 683 τὰ
1209 612 1376 683 κατὰ
1420 610 1544 702 τὴν
1571 619 1882 703 Φρυγίαν
1906 615 2018 682 καὶ
2045 617 2321 682 Λυδίαν

327 718 653 806 ἐπύθετο,
694 714 856 789 καθ’
905 712 986 786 ὃν
1027 707 1115 806 ἦν
1140 715 1380 807 καιρὸν
1420 719 1664 798 ἐν’ταῖς
1690 713 1830 786 ἅνω
1864 722 2323 804 σατραπείαις,
2350 744 2380 786 5

327 821 627 892 κελεύων
672 822 912 901 Ζεῦξιν
954 817 1072 889 τὸν
1122 815 1334 890 αὑτοῦ
1374 818 1748 908 στρατηγὸν
1776 821 1888 888 καὶ
1919 822 2009 889 ἐν
2019 834 2157 899 τοῖς
2183 819 2321 906 μά·-

327 933 518 995 λιστα
547 929 750 1012 φίλον
776 924 1029 1010 πέμψαι
1055 951 1242 1005 τινας
1270 949 1408 990 των
1428 918 1769 1033 ἡμετέρων
1797 925 1871 991 ἐκ
1906 928 2323 1012 Βαβυλωνος

330 1033 423 1107 εἰς
453 1033 781 1115 Φρυγίαν.
845 1025 1090 1113 γράφει
1118 1025 1194 1093 δε
1220 1052 1452 1104 ουτως.

460 1126 819 1218 “βασιλεὺς
849 1124 1179 1216 Ἀντίοχος
1223 1128 1497 1209 Ζεύξιδι
1538 1134 1629 1219 τῷ
1670 1129 1870 1216 πατρὶ
1901 1135 2179 1216 χαίρειν.
2258 1133 2330 1196 εἰ

332 1239 652 1323 ἔρρωσαι,
695 1221 774 1300 εὖ
803 1223 888 1300 ἂν
916 1237 1087 1318 ἔχοι,
1119 1226 1406 1318 υγιαίνω
1436 1229 1511 1298 δὲ
1537 1231 1649 1298 καὶ
1678 1227 1899 1310 αὐτός.
1955 1230 2326 1300 πυνθανό-
2369 1257 2418 1295 10
2459 1284 2465 1303 ,

328 1363 525 1424 μενος
553 1333 711 1417 τοὺς
739 1337 811 1403 ἐν
830 1339 1064 1426 ’Λυδία
1089 1334 1202 1401 καὶ
1229 1338 1500 1424 Φρυγία
1522 1340 2064 1421 νεωτερίζοντας,
2106 1332 2327 1420 μεγά-

328 1448 447 1527 λης
475 1441 876 1529 ἐπιστροφῆς
904 1433 1255 1525 ἡγησάμην
1281 1435 1482 1504 τοῦτό
1508 1462 1621 1524 μοι
1656 1440 1946 1507 δεῖσθαι.
2007 1437 2121 1504 καὶ
2146 1443 2330 1524 βου-

329 1543 718 1632 λευσαμένῳ
751 1567 864 1626 μοι
903 1536 1067 1626 μετὰ
1107 1546 1245 1607 τῶν
1282 1544 1507 1627 φίλων
1547 1543 1615 1607 τί
1654 1542 1762 1608 δεῖ
1795 1553 2048 1626 ποιεῖν,
2086 1541 2331 1621 ἔδοξεν

331 1650 425 1723 είς
464 1642 544 1711 τὰ
587 1640 880 1732 φρούρια
920 1643 1033 1710 καὶ
1072 1638 1231 1722 τοῦς
1282 1637 1847 1728 ἀναγκαιοτάτους
1890 1642 2135 1722 τόπους
2180 1648 2332 1710 τῶν

272 1788 281 1796 ·
331 1743 460 1826 ἀπὸ
529 1752 644 1834 τῆς
697 1749 1220 1831 Μεσοποταμίας
1285 1743 1400 1813 καὶ
1471 1750 1911 1831 Βαβυλωνίας
1971 1741 2333 1813 Ἰουδαίων
2375 1770 2427 1811 13

330 1857 557 1929 οἴκους
605 1853 969 1935 δισχιλίους
1013 1845 1147 1916 σὺν
1192 1849 1513 1937 ἐπισκευῇ
1570 1862 2000 1936 μεταγαγεῖν·
2082 1848 2335 1919 πέπει-

331 1973 489 2043 σμαι
516 1948 643 2043 γάρ
675 1948 917 2029 εὔνους
944 1946 1192 2034 αὐτοὺς
1221 1957 1496 2019 ἔσεσθαι
1541 1956 1679 2019 τῶν
1718 1946 2065 2042 ἡμετέρων
2092 1948 2337 2037 φύλα-

329 2083 450 2136 κας
479 2052 591 2124 δια
620 2052 743 2143 τὴν
770 2049 936 2141 πρὸς
964 2052 1083 2124 τὸν
1113 2051 1282 2122 θεὸν
1308 2049 1537 2122 αύτων
1564 2049 1945 2142 εὐσέβειαν,
1991 2055 2104 2123 καὶ
2140 2082 2336 2143 μαρ-

329 2160 785 2247 τυρουμένους
812 2153 883 2227 δ’
923 2153 1174 2238 αὐτοὺς
1202 2152 1334 2225 ὑπὸ
1365 2183 1500 2225 των
1529 2156 1886 2245 προγόνων
1913 2163 2136 2227 πίστιν
2166 2156 2352 2227 οἶδα

330 2263 443 2330 καὶ
469 2267 861 2351 προθυμίαν
890 2255 1039 2382 scs,
1010 2288 1052 2328 α
1081 2264 1644 2349 παρακαλοῦνται.
1701 2257 2026 2349 βούλομαι
2055 2267 2439 2350 tolvvv‚2o

330 2370 571 2452 καίπερ
608 2358 1004 2451 ἐργώδους’
979 2359 1210 2449 όντος,
1258 2360 1536 2442 τούτους
1562 2376 1983 2451 μεταγαγεῖν,
2020 2358 2343 2451 ὑποσχό-

328 2492 531 2553 μενος
567 2463 796 2551 νόμοις
839 2459 1086 2544 αὐτους
1128 2469 1421 2553 χρῆσθαι
1459 2478 1594 2545 τοῖς
1623 2469 1837 2546 ίδιόις.
1904 2494 2066 2536 οταν
2093 2461 2157 2533 δ’
2191 2494 2344 2536 αυ-

333 2565 490 2648 τούς
518 2563 770 2656 ἀγάγῃς
799 2570 893 2647 εἰς
919 2563 1076 2646 τοὺς
1103 2568 1632 2655 προειρημένους
1668 2569 1944 2654 τόπους,
1993 2578 2087 2651 εἷς
2113 2594 2188 2637 τε
2216 2576 2346 2640 οἰ-

331 2666 624 2759 κοδομὰς
649 2674 883 2739 οἰκιῶν
911 2668 1150 2749 δαίσεις
1177 2666 1405 2751 αὐτοῖς
1432 2668 1641 2739 τόπον
1672 2673 1926 2763 ἑκάστω
1953 2672 2068 2741 καὶ
2089 2670 2348 2760 χώραν

333 2781 427 2856 εἰς
453 2779 790 2863 γεωργίαν
816 2773 929 2840 καὶ
957 2778 1245 2859 φυτείαν
1269 2768 1619 2862 ἀμπέλων,
1651 2777 1764 2845 καὶ
1798 2772 2051 2857 ἀτελεῖς
2079 2780 2220 2846 τῶν
2253 2781 2346 2849 ἐκ
2385 2811 2464 2854 ⁸25

331 2884 447 2965 τῆς
475 2883 597 2970 γῆς
623 2903 902 2966 καρπων
937 2871 1206 3000 ἀνήσεις
1235 2871 1346 2946 ἐπ’
1389 2883 1502 2965 ἔτη
1544 2880 1725 2949 δέκα.
1806 2887 2350 2974 μετρείσθωσαν

334 2981 410 3051 δὲ
448 2974 622 3050 καὶ’
594 2976 782 3068 άχρις
822 3006 908 3048 αν
934 2977 1096 3059 τούς
1122 2975 1305 3068 παρὰ
1345 2985 1460 3069 τῆς
1487 2986 1608 3070 γῆς
1635 2978 1879 3072 ἄρτους
1904 2980 2354 3074 λαμβάνωσι,

335 3098 522 3152 σῖτον
551 3088 646 3164 είς
670 3080 785 3164 τὰς
811 3110 948 3151 των
968 3082 1412 3172 θεραπόντων
1453 3085 1848 3173 διατροφάς·
1908 3085 2218 3165 διδόσθω
2255 3091 2360 3161 δὲ

335 3187 448 3253 καὶ
483 3200 619 3264 τοῖς
660 3191 754 3266 εἰς
800 3212 916 3267 τας
966 3193 1192 3274 χρείας
1229 3181 1641 3277 ὑπηρετοῦσι
1681 3185 1753 3257 τὸ
1797 3216 2163 3279 αυταρκες,
2210 3194 2364 3265 ἵνα

337 3291 452 3372 τῆς
490 3283 652 3375 παρ’
699 3315 894 3376 ημων
935 3289 1377 3376 τυγχάνοντες
1414 3298 1934 3396 φιλανθρωπίας
1962 3301 2366 3383 προθυμο-
2413 3336 2465 3379 ³.

338 3387 573 3476 τέρους
608 3393 987 3479 παρέχωσιν
1013 3388 1264 3473 αυτους
1303 3395 1458 3482 περὶ
1496 3422 1578 3463 τα
1616 3389 1920 3486 ἡμέτερα.
1990 3393 2372 3528 πρόνοιαν
