2500 3882
797 286 812 293 ‚
888 210 1513 279 ΕΚΚΛΙΔΕΚΑΤΗ
1885 244 1889 249 ·
1925 240 1931 251 ·
2099 216 2179 279 35

162 378 441 447 ἐκείνων
479 374 860 466 ὁμολογίας.
912 383 1123 447 ταῦτα
1149 379 1223 446 δὲ
1267 382 1341 446 αί
1371 392 1687 464 γυναῖκες
1715 378 2051 468 ἀνέφερον
2086 385 2184 469 τῷ

159 484 440 566 βασιλεῖ,
473 482 874 564 διαγελῶσαι
906 474 1031 564 τὴν
1062 474 1580 566 ἀσχημοσύνην·
1630 476 1932 566 “Ηρώδης
1962 475 2036 545 δὲ
2068 478 2182 546 καὶ

158 573 341 661 παρὰ
377 584 502 645 τοῦ
537 575 825 665 Φερώρα
866 576 1502 664 προσεπυνθάνετο,
1556 579 1666 645 καὶ
1712 589 1941 665 τηρεῖν
1984 573 2179 663 ἠξίου

162 673 343 758 παρὰ
399 674 473 742 τὸ
539 679 819 743 δεῖπνον
871 680 1014 755 πώς
1067 673 1150 742 τὰ
1201 673 1374 762 πρὸς
1418 673 1752 763 ἀλλήλους
1796 677 2177 762 ἐσχήκασιν.

99 796 129 838 ε
167 771 421 852 ἐκεῖνος
463 773 538 841 δὲ
571 772 992 859 ἀπήγγελλεν
1035 771 1140 841 ὅτι
1181 774 1294 841 καὶ
1334 775 1621 859 νεύμασι
1662 777 1772 843 καὶ
1808 778 2180 866 βλέμμασιν

171 868 301 938 οὐκ
318 868 614 992 Ηάδηλοι
624 877 741 959 τῆς
778 868 993 959 ὁρμῆς
1031 875 1210 939 ἐἰσὶν
1252 868 1644 983 ἀμφότεροι.
1680 876 1869 961 μετὰ
1907 880 2108 942 τοῦτο
2139 871 2175 942 ὁ

161 970 288 1056 μὲν
318 967 535 1057 ’Ἄραψ
565 995 868 1051 υποπτος
902 996 1001 1037 ων
1037 967 1268 1060 ἀπῄει·
1319 974 1651 1041 διαλιπών
1693 974 1766 1042 δὲ
1810 972 1937 1042 δύο
1967 978 2181 1060 μῆνας

158 1068 203 1155 ἢ
243 1084 440 1157 τρεῖς
469 1076 729 1157 ἔρχεται
771 1069 978 1139 πάλιν
1019 1067 1113 1156 ὡς
1156 1067 1265 1138 ἐπ’
1302 1068 1470 1139 αὐτὸ
1499 1099 1734 1161 τουτο,
1778 1078 1890 1142 καὶ
1934 1073 2191 1171 λόγουςἱ
2274 1087 2279 1095 ’

151 1167 420 1260 Ηρώδῃ
452 1173 894 1258 προσέφερεν,
924 1168 1133 1251 ἀξιῶν
1157 1167 1347 1260 ἀὐτώ
1374 1195 1501 1256 την
1524 1170 1864 1258 Σαλώμην
1887 1176 2183 1260 δοθῆναι

74 1297 131 1339 ιο
166 1268 335 1354 πρὸς
365 1270 610 1357 γάμον·
655 1274 932 1338 ἔσεσθαι
960 1268 1091 1356 γὰρ
1124 1295 1250 1337 ουκ
1278 1237 1662 1350 ἀλυσιτελες
1688 1267 1765 1338 τό
1798 1274 2002 1359 κῆδος
2033 1273 2180 1338 ἐπι-

156 1373 339 1458 μιξία
380 1376 499 1456 τῆς
536 1378 675 1438 τών
711 1367 1015 1455 Ἀράβων
1059 1364 1301 1456 ἀρχῆς,
1360 1363 1449 1455 ἢν
1489 1365 1674 1459 αὐτῷ
1720 1369 1832 1437 καὶ
1874 1375 2008 1436 νῦν
2035 1367 2180 1455 ήδη

158 1482 472 1555 παρεῖναι
531 1469 855 1590 δυναμει,
922 1470 1034 1537 καὶ
1101 1474 1360 1553 μᾶλλον
1427 1464 1843 1553 ὀφείλεσθαι.
1925 1475 2049 1536 τοῦ
2106 1471 2181 1537 δὲ

87 1562 462 1649 άΗρώδου
510 1565 631 1636 τὸν
676 1565 886 1654 λόγον
927 1564 1424 1653 ἀναφέροντος,
1480 1569 1592 1634 καὶ
1647 1568 2179 1652 πυνθανομένου

163 1669 284 1750 τῆς
321 1660 618 1750 ἀδελφῆς
660 1669 722 1732 εί
761 1663 932 1752 πρὸς
976 1664 1195 1750 γάμον
1245 1664 1522 1751 ἑτοίμως
1562 1668 1724 1753 ἔχει,
1772 1669 2017 1751 ταχέως
2056 1666 2181 1754 μὲν

72 1782 129 1825 15
170 1766 390 1849 ἐκείνη
422 1763 805 1851 προσήκατο
825 1791 858 1807 -s
908 1771 1252 1842 Συλλαῖος
1287 1767 1382 1849 δέ,
1420 1760 1795 1845 αξιούντων
1827 1763 2036 1834 αὐτὸν
2069 1769 2182 1855 ἐγ·-

158 1870 506 1951 γραφῆναι
561 1862 701 1945 τὀῖς
751 1870 891 1932 τών
929 1860 1277 1933 Ἰουδαίων
1331 1867 1520 1931 ἔθεσι
1577 1866 1686 1932 καὶ
1738 1864 1889 1934 τότε
1942 1881 2181 1955 γαμεῖν

164 1963 411 2052 (ἄλλως
440 1964 568 2051 γὰρ
616 1962 743 2032 οὐκ
792 1962 964 2033 εἶναι
997 1963 1360 2050 δυνατόν),
1407 1962 1532 2051 οὐχ
1560 1960 1961 2053 ὑπομείνας,
2010 1964 2181 2042 ἀλλὰ
2258 1971 2262 1980 ’

157 2061 269 2128 καὶ
291 2061 963 2149 καταλευσθήσεσθαι
987 2061 1157 2151 πρὸς
1181 2067 1321 2130 τών
1338 2058 1641 2150 Ἀράβων
1667 2060 1876 2131 εἰπών
1901 2068 1963 2131 εἰ
1979 2070 2178 2132 τοῦτο

158 2161 545 2250 πράξειεν,
558 2160 1061 2231 ἀπαλλάττεται.
1127 2161 1475 2248 Σαλώμην
1509 2153 1638 2228 οὖν
1680 2157 1716 2229 ὅ
1756 2187 1828 2229 τε
1859 2161 2182 2249 Φερώρας

64 2301 123 2342 20
160 2258 289 2348 ἤδη
332 2264 684 2350 διέβαλλεν
728 2266 821 2341 εἰς
861 2258 1256 2349 ἀκρασίαν,
1279 2262 1391 2328 καὶ
1428 2266 1684 2347 μᾶλλον
1726 2264 1800 2328 αἱ
1839 2276 2157 2349 γυναῖκες

155 2364 477 2449 λέγουσαι
527 2367 895 2430 ’κοινωνίαν
944 2358 1116 2450 αὐτῇ
1157 2363 1477 2447 γενέσθαι
1530 2359 1700 2448 πρὸς
1744 2360 1864 2429 τὸν
1900 2358 2178 2458 Ἄραβα.

156 2465 283 2551 τὴν
315 2462 388 2530 δὲ
421 2462 635 2552 κόρην
664 2488 751 2550 ην
780 2460 1094 2553 τάδελφῷ
1132 2460 1626 2547 κατενεγύησεν
1656 2457 1692 2530 6
1697 2460 2118 2551 βασιλεύς,
2089 2490 2179 2551 ην

156 2561 193 2633 6
238 2561 363 2652 μὲν
411 2562 733 2650 Φερώρας
774 2560 902 2632 οὐκ
948 2568 1225 2652 ἔλαβεν,
1275 2559 1365 2643 ὥς
1407 2574 1765 2650 προεῖπον,
1815 2559 2180 2651 ἡττημένος

129 2668 276 2747 ,τῆς
315 2663 675 2747 γυναικός,
727 2664 1043 2749 αἰτούσης
1073 2659 1406 2748 Σαλώμης
1458 2665 1552 2740 εἰς
1591 2659 1713 2727 τὸν
1753 2659 1908 2740 υίὸν
1941 2659 2063 2729 τὸν
2101 2663 2177 2730 ἐκ

58 2794 116 2837 25
156 2759 602 2849 Κοστοβάρου
647 2759 1017 2846 γενόμενον
1056 2757 1324 2846 ὅρμητο
1354 2761 1479 2848 μὲν
1506 2760 1740 2849 ἐκείνῳ
1775 2765 2177 2847 συνοικίσαι,

153 2865 626 2947 μεταπείθεται
667 2857 740 2926 δὲ
785 2855 920 2927 ὑπὸ
962 2864 1086 2927 τοῦ
1113 2859 1438 2947 Φερώρα,
1480 2857 1603 2925 τὸν
1641 2861 2002 2930 νεανίσκον
2030 2854 2175 2926 ὀὐκ

153 2956 408 3029 εὔνουν
438 2962 714 3028 ἔσεσθαι
738 2957 1052 3043 λέγοντος
1081 2953 1190 3025 διὰ
1220 2955 1346 3044 τὴν
1367 2953 1709 3025 ἀπώλειαν
1734 2960 1864 3023 τοῦ
1893 2955 2168 3045 πατρός,

156 3059 267 3125 καὶ
301 3056 725 3147 δικαιότερον
762 3052 938 3123 εἶναι
965 3062 1197 3144 λαβεῖν
1235 3054 1358 3124 τὸν
1402 3051 1619 3124 αὑτοῦ
1664 3058 1868 3123 παῖδα
1901 3060 2035 3142 τῆς
2063 3081 2175 3124 τε-

152 3162 464 3245 τραρχίας
505 3152 673 3225 ὅντα
731 3153 1072 3242 διάδοχον.
1145 3180 1326 3223 ουτω
1373 3151 1448 3224 δὲ
1493 3152 1905 3241 συγγνώμην
1954 3152 2172 3243 ᾐτεῖτο
2228 3215 2233 3220 .

58 3285 119 3327 ao
162 3255 275 3324 καὶ
301 3255 664 3341 μετέπεσεν
691 3279 910 3333 ουτος.

324 3355 543 3438 ἐκείνη
575 3352 697 3439 μὲν
722 3346 854 3422 οὖν
866 3288 1539 3442 ,ἀντιμετατεθείσης
1565 3354 1698 3514 τῆς3
1712 3321 1987 3438 ἐγγύης,
2014 3353 2171 3437 ἐγα-

1715 3456 1752 3495 =t=
1918 3491 1927 3502 ,
