2500 3882
972 187 1448 249 ΔΩΔΕΚΑΤΗ
1593 166 1598 169 ’
2084 186 2202 252 123

140 314 293 452 δὴ
322 359 508 451 μάλα
531 374 723 451 χεῖρα
751 355 1011 448 πολλὴν
1034 361 1147 430 καὶ
1175 358 1471 448 δύναμιν
1517 358 1992 451 περιεβάλετο·
2042 361 2206 432 τού-

211 493 348 535 των
379 461 449 535 δ’
483 454 658 553 ἦσαν
672 468 743 533 οἰ
763 468 1037 544 πλείους
1065 466 1137 532 ἐκ
1166 470 1305 533 των
1332 459 1598 552 ἀσεβῶν
1623 465 1738 533 καὶ
1762 469 2205 573 πεφυγαδευ-

212 570 478 657 μένων,
521 561 622 647 οἷς
649 562 1008 656 ὑπηρέταις
1033 567 1145 636 καὶ
1173 566 1605 654 στρατιώταις
1628 566 1967 656 χρώμενος
1994 552 2204 658 ἐπήρ-

215 697 364 760 χετο
394 669 521 758 τὴν
547 669 797 758 χώραν,
829 664 1009 738 καὶ
969 689 1173 751 οσους
1204 672 1280 740 ἐν
1308 665 1481 760 αὐτῇ
1507 667 1588 739 τὰ
1610 666 1825 741 Ἰούδα
1854 676 2203 761 φρονοῦν-

156 796 184 836 ⁵
219 801 338 853 τας
394 769 720 862 ηὕρισκεν
757 770 1146 861 ἐφόνευσεν.
1227 767 1410 859 ὁρῶν
1454 774 1527 843 δὲ
1568 771 1689 842 τὸν
1711 769 2035 878 ’Ἄλκιμον
2074 771 2204 866 ἤδη

138 902 143 909 ’
224 876 434 964 μέγαν
478 871 513 946 5
550 872 806 956 Ἰούδας
846 870 1210 965 γενόμενον
1253 876 1366 945 καὶ
1410 873 1703 957 πολλοὺς
1742 854 2206 967 διεφθαρκότα

222 984 363 1048 τών
373 974 654 1066 ἀγαθῶν
667 978 781 1047 καὶ
809 973 1014 1048 ὁσίων
1026 1005 1148 1047 του
1119 983 1434 1066 ἔθνους,
1464 979 1573 1047 καὶ
1590 974 1792 1061 αὐτὸς
1805 978 2205 1073 ἐπιπορευό-

222 1107 420 1169 μενος
442 1081 567 1170 τὴν
592 1079 819 1170 χώραν
858 1082 1210 1170 διέφθειρε
1248 1079 1420 1162 τοὺς,
1444 1078 1524 1150 τὰ
1565 1077 1742 1159 αὐτὰ
1755 1085 1991 1177 ἐκείνω
2029 1111 2204 1175 φρο-

219 1189 527 1265 νοῦντας.
609 1186 878 1273 βλέπων
928 1179 998 1254 δ’
1056 1179 1266 1253 αὑτὸν
1318 1180 1354 1253 5
1395 1180 1710 1273 ’Ἄλκιμος
1761 1181 2060 1274 ἀντέχειν
2110 1192 2205 1280 τῷ

134 1309 192 1357 1⁰,
210 1284 433 1381 Ἰούδᾳ
458 1285 548 1376 μὴ
579 1284 961 1375 δυνάμενον
989 1282 1128 1356 ἀλλ]
1159 1283 1544 1375 ἡττώμενον
1570 1282 1784 1356 αὐτοῦ
1812 1294 1927 1376 τῆς
1956 1288 2202 1378 ἰσχύος,

215 1392 330 1461 ἐπὶ
390 1389 517 1478 τὴν
552 1388 758 1479 ’παρὰ
814 1396 1210 1479 Δημητρίου
1272 1395 1394 1458 τοῦ
1446 1390 1770 1480 βασιλέως
1821 1397 2227 1480 συμμαχίαν“

217 1500 392 1581 ἔγνω
447 1494 842 1584 τραπέσθαι.
923 1489 1468 1582 παραγενόμενος
1508 1481 1638 1562 οὖν
1681 1498 1775 1573 εἰς
1794 1488 2205 1583 Ἀντιόχειαν

218 1595 617 1683 παρώξυνεν
644 1591 855 1665 αὐτὸν
881 1596 990 1665 ἐπὶ
1024 1593 1146 1665 τὸν
1166 1591 1451 1683 Ἰούδαν,
1497 1603 1891 1686 κατηγορῶν
1919 1593 2009 1678 ὥς
2035 1606 2204 1669 πολ-

215 1697 305 1768 λὰ
330 1698 454 1787 μὲν
479 1694 602 1768 ὑπ’
634 1694 846 1767 αὐτοῦ
874 1697 1206 1769 πεπόνθοι
1233 1697 1437 1786 κακά,
1467 1704 1676 1768 πλείω
1711 1699 1788 1769 δὲ
1812 1697 2061 1789 γένοιτ’
2094 1697 2202 1787 ἄν,

133 1835 183 1876 15
218 1808 283 1872 εἰ
303 1798 397 1891 μὴ
423 1806 1025 1891 προκαταληφθείη
1057 1802 1170 1870 καὶ
1197 1807 1349 1891 δοίη
1379 1807 1599 1891 δίκην,
1631 1801 1983 1892 δυνάμεως
2010 1810 2203 1892 ἰσχυ-

216 1910 340 1994 ρᾶς
379 1900 489 1976 ἐπ’
547 1900 762 1975 αυτὸν
803 1901 1303 1994 ἀποσταλείσης.
1409 1900 1445 1975 5
1487 1905 1563 1976 δὲ
1586 1905 1984 1998 Δημήτριος
2007 1903 2195 1978 τοῦτ’
2235 1921 2276 1977 4

160 2005 345 2120 ,ηδη
378 2009 494 2077 καὶ
521 2022 657 2089 τοῖς
687 2013 883 2089 ἰδίοις
909 2004 1124 2078 αὐτοῦ
1152 2030 1537 2098 πραγμασιν
1562 2011 1924 2098 έπισφαλες
1950 2007 2205 2101 ἡγησά-

220 2137 421 2200 μενος
451 2109 664 2199 εἶναι,
694 2109 769 2181 τὸ
799 2116 1131 2199 περιιδεῖν
1153 2107 1417 2181 Ἰούδαν
1444 2113 1519 2181 ἐν
1556 2112 1734 2199 ἰσχύι
1771 2113 2060 2203 τοσαύτῃ
2089 2139 2205 2201 γε·-

220 2215 531 2304 νόμενον,
562 2216 882 2303 ἐκπέμπει
907 2214 1263 2302 Νικανορα
1280 2240 1400 2303 τον
1414 2209 1862 2283 εὐνούστατον
1880 2211 2063 2308 αύτω
2092 2217 2206 2285 καὶ

138 2344 191 2385 20
224 2317 622 2388 πιστότατον
647 2344 785 2387 των
811 2324 1034 2405 φίλων
1061 2307 1289 2401 (οὗτος
1325 2315 1453 2406 γάρ
1496 2313 1736 2386 ἐστιν’
1704 2345 1742 2390 ο
1770 2319 1884 2388 καὶ
1920 2314 2050 2389 ἀπὸ
2089 2324 2205 2406 τῆς

208 2416 549 2510 Ρωμαίων
574 2419 829 2501 πόλεως
855 2416 1040 2512 αύτῷ
1068 2419 1508 2509 συμφυγών),
1553 2421 1672 2490 καὶ
1703 2419 1866 2503 δοὺς
1910 2420 2204 2511 δύναμιν

217 2519 385 2612 ὅσην
427 2521 749 2614 ἀρκέσειν
770 2519 1107 2613 ὑπέλαβεν
1124 2520 1311 2616 αὐτῷ
1351 2521 1519 2611 πρὸς
1561 2522 1679 2594 τὸν
1712 2520 2009 2614 Ἰούδαν,
2054 2527 2204 2596 ἐκέ-

223 2633 419 2695 λευσε
444 2630 783 2716 μηδεμίαν
809 2623 1023 2714 φειδώ
1058 2636 1402 2700 ποιεῖσθαι
1428 2633 1548 2697 τοῦ
1577 2633 1844 2711 ἔθνους.
1899 2624 1935 2698 5
1965 2628 2042 2698 δὲ
2066 2636 2202 2697 Νι-

229 2727 449 2819 κάνωρ
492 2729 1037 2820 παραγενόμενος
1091 2736 1186 2811 εἰς
1226 2725 1652 2820 Ἱεροσόλυμα
1705 2741 2023 2819 πολεμεῖν
2076 2729 2202 2819 μὲν

139 2855 197 2897 25
234 2827 443 2913 εὐθὺς
473 2829 558 2902 οὗ
588 2834 834 2921 διέγνω
863 2839 953 2924 τῷ
974 2828 1222 2925 Ἰούδᾳ,
1254 2833 1431 2926 δόλῳ
1459 2828 1522 2932 δῖ
1553 2828 1941 2924 ὑποχείριον
1972 2839 2207 2920 λαβεῖν

221 2940 458 3023 κρίνας
483 2937 904 3024 προσπέμπει
929 2934 1173 3024 λόγους
1204 2933 1583 3025 εἰρηνικούς
1611 2932 1829 3029 αὐτῷ,
1871 2938 2204 3023 μηδεμίαν
2293 3009 2314 3016 ,

212 3037 347 3128 μὲν
373 3035 676 3127 ἀνάγκην
703 3037 878 3108 εἶναι
916 3038 1199 3126 φάσκων
1236 3047 1552 3126 πολεμεῖν
1591 3038 1706 3107 καὶ
1742 3035 2200 3126 κινδυνεύειν,

224 3135 469 3228 ὅρκους
494 3136 561 3209 δ’
598 3136 781 3234 αὐτῷ
814 3141 1080 3211 διδόναι
1113 3143 1269 3233 περὶ
1296 3146 1417 3212 τοῦ
1443 3140 1655 3230 μηδὲν
1681 3146 2034 3209 πείσεσθαι
2062 3144 2203 3211 δει-

226 3238 378 3311 νόν·
437 3238 632 3331 ἥκειν
677 3242 809 3335 γὰρ
847 3241 1012 3333 μετὰ
1050 3251 1275 3334 φίλων
1302 3244 1546 3337 έπὶτῷ
1586 3249 1859 3332 ποιῆσαι
1899 3242 2203 3334 φανερὰν

152 3368 203 3410 ω
231 3341 458 3426 αὐτοῖς
485 3343 609 3434 τὴν
633 3353 1028 3437 Δημητρίου
1052 3353 1173 3417 τοῦ
1200 3348 1524 3436 βασιλέως
1552 3345 1892 3438 διάνοιαν,
1934 3342 2023 3429 ώς
2048 3351 2204 3434 περὶ

233 3452 352 3516 τοῦ
402 3448 645 3535 γένους
693 3446 923 3519 αὐτῶν
976 3465 1234 3539 φρονεῖ.
1328 3456 1537 3519 ταῦτα
1590 3451 2205 3541 διαπρεσβευσαμέ-

234 3575 357 3620 νου
383 3555 509 3619 τοῦ
551 3551 960 3645 Νικάνορος,
1022 3550 1057 3622 ὁ
1082 3549 1365 3636 »Ἰούδας
1406 3554 1520 3623 καὶ
1573 3558 1643 3641 οἰ
1676 3552 1958 3644 ἀδελφοὶ
1992 3547 2206 3621 αὐτοῦ
