2500 3882
829 73 850 104 Ι

250 85 388 195 260x
915 130 1562 201 ΑΡΧΑΙΟΛΟΓΙΑΣ

254 284 419 392 άρας
450 291 576 372 οὖν
603 301 735 372 σὺν
761 285 870 383 οἷς
888 300 1064 390 εἶχεν
1097 297 1428 390 ὁπλίταις,
1469 302 1581 373 καὶ
1609 299 1721 382 τὰς
1748 314 2073 392 γυναῖκας
2098 311 2240 379 τοῖς

253 403 638 493 ὑποζυγίοις
676 407 1107 493 ἐπιθέμενος,
1158 406 1410 493 μητέρα
1438 432 1509 474 τε
1543 401 1754 474 αὑτοῦ
1779 405 1892 474 καὶ
1929 399 2240 490 ,ἀδελφὴν

255 510 368 580 καὶ
394 504 481 596 ἢν
507 514 781 595 ἔμελλεν
806 503 1100 594 ἄγεσθαί
1117 505 1285 593 πρὸς
1311 506 1528 596 γάμον
1547 504 1984 594 Ἀλεξάνδρου
2011 515 2241 592 θυγα-

190 681 195 693 ,
256 613 414 698 τέρα
450 619 571 679 τοῦ
593 605 1111 698 Ἀριστοβούλου
1137 609 1411 697 παιδός,
1464 610 1586 698 τήν
1618 637 1691 679 τε
1715 609 1958 696 ταύτης
1985 608 2241 696 μητέρα

257 710 600 806 (Ὑρκανοῦ
642 711 704 782 δ’
738 702 824 801 ἦν
847 711 1185 801 θυγάτηρ)
1225 714 1341 780 καὶ
1391 711 1511 784 τὸν
1547 713 1881 801 νεώτατον
1914 707 2238 797 ἀδελφόν,
2277 741 2308 780 ε

257 816 379 906 τήν
416 843 512 897 τε.
522 820 903 902 θεραπείαν
929 821 1151 891 πᾶσαν
1192 816 1308 883 καὶ
1340 814 1460 885 τὸν
1485 813 1689 885 αλλον
1718 813 1918 903 οχλον
1960 812 2079 882 τὸν
2105 808 2240 882 συν

149 954 156 959 ’
260 916 523 1016 αὐτοῖς,
566 920 802 987 ἐδίωκε
839 915 962 1006 τὴν
988 919 1096 986 ἐπὶ
1126 913 1532 1006 Ἰδουμαίας,
1576 916 1811 988 λαθων
1840 944 1996 997 τους
2037 923 2242 985 πολε-

257 1028 483 1109 μίους·
531 1048 630 1089 ων
656 1014 952 1101 obesis*
910 1048 995 1088 αν
1028 1016 1205 1090 οὕτω
1250 1018 1527 1109 στερρὸς
1561 1017 1683 1109 τὴν
1726 1020 1940 1109 φύσιν
1973 1015 2242 1108 ηὑρέθη

259 1121 333 1204 ὃς
356 1122 518 1192 τότε
546 1121 781 1248 παρών
806 1137 942 1203 τοῖς
981 1126 1454 1212 πραττομένοις
1483 1121 1626 1192 οὐκ·
1638 1119 1722 1194 ἂν
1763 1149 2080 1216 ωκτειρεν
2110 1118 2244 1189 αὐ-

258 1254 416 1307 τους
443 1232 559 1315 τῆς
583 1225 814 1314 τύχης,
845 1232 1148 1314 γυναίων
1176 1228 1605 1316 ἐπαγομένων
1631 1226 1837 1314 νήπια
1865 1227 2098 1311 τέκνα,
2125 1224 2246 1294 καὶ
2289 1247 2340 1286 ιο

259 1326 424 1419 μετὰ
450 1329 766 1418 δακρύων
788 1330 903 1397 καὶ
934 1335 1223 1417 οἰμωγῆς
1257 1326 1766 1399 ἀπολειπουσῶν
1794 1325 1920 1414 τὴν
1955 1331 2246 1413 πατρίδα

259 1434 658 1528 καίφίλους
697 1434 770 1501 ἐν
800 1437 1099 1519 δεσμοῖς,
1141 1433 1255 1500 καὶ
1289 1433 1445 1519 περὶ
1473 1428 1699 1501 αὐτῶν
1725 1428 1929 1501 οὐδὲν
1958 1437 2053 1501 ἔτι
2077 1457 2248 1520 χρη-

182 1547 218 1604 8
257 1534 419 1604 στὸν
464 1536 1037 1623 προσδεχομένων.
1104 1531 1259 1603 ἀλλ’
1282 1530 1581 1624 Ἡρώδης
1607 1534 1828 1605 ἐπάνω
1858 1540 1972 1620 τῆς
2013 1537 2085 1603 ἐκ
2123 1537 2250 1603 τοῦ

259 1642 491 1707 δεινοῦ
538 1643 794 1724 πληγῆς
849 1635 922 1704 τὸ
965 1635 1280 1724 φρόνημα
1320 1637 1761 1727 ποιησάμενος
1799 1633 2001 1716 αὐτός
2034 1663 2115 1705 τε
2157 1625 2252 1724 ἦν

258 1737 427 1828 πρὸς
464 1736 537 1808 τὸ
584 1736 815 1845 δεινὸν
860 1733 1182 1826 ευψυχος,
1234 1741 1349 1808 καὶ
1395 1738 1692 1828 παριών
1698 1738 1866 1811 κατὰ
1908 1736 2034 1827 τὴν
2076 1734 2251 1809 ὁδὸν
2291 1771 2342 1811 15

802 1869 858 1910 »v
886 1841 1369 1930 παρεκελεύετο
1410 1845 1524 1913 καὶ
1565 1872 1656 1933 μη
1684 1845 1998 1933 παρέχειν
2035 1838 2252 1911 αὑτὸν

802 1944 935 2087 {cuv
987 1952 1184 2016 τοῦτο
1243 1944 1374 2036 γὰρ
1419 1944 1667 2027 αὐτους
1721 1945 2040 2036 βλάπτειν
2079 1943 2254 2033 πρὸς

802 2052 854 2118 ἓν
887 2039 932 2139 ᾖ
967 2075 1092 2137 την
1118 2055 1468 2137 σωτηρίαν
1497 2046 1725 2130 αὐτοῖς
1765 2049 1942 2174 μόνη
1977 2057 2256 2120 κεῖσθαι

802 2153 879 2221 κὶ
899 2160 969 2222 οἳ
993 2152 1146 2241 μέν,
1195 2148 1284 2233 ὥς
1311 2149 1611 2242 Ηρώδης
1638 2152 1955 2242 παρῄνει,
2010 2153 2257 2239 φέρειν

803 2256 1191 2343 ἐπειρωντο·
1245 2263 1491 2344 μικροῦ
1518 2252 1586 2325 δ’
1619 2250 1828 2327 αὑτὸν
1855 2254 2252 2344 διεχρήσατο
2288 2279 2347 2320 20

264 2364 388 2427 τοῦ
428 2357 701 2445 ζεύγους
745 2358 1261 2447 περιτραπέντος
1289 2361 1402 2428 καὶ
1445 2366 1560 2447 τῆς
1598 2355 1845 2448 μητρὸς
1873 2355 2056 2449 αὐτῷ
2098 2384 2257 2427 κιν-

230 2467 234 2472 ’
266 2459 687 2548 δυνευσάσης
714 2454 1123 2546 ἀποθανεῖν,
1167 2460 1293 2528 ’διά
1317 2488 1388 2529 τε
1414 2458 1485 2531 τὸ
1517 2458 1622 2531 ἐπῖ
1653 2457 1861 2549 αὐτῆς
1888 2460 2109 2541 πάθος
2137 2463 2260 2529 καὶ

267 2557 382 2632 διὰ
404 2560 493 2632 ’τὸ
536 2568 900 2650 φοβεῖσθαι
950 2561 1040 2650 μὴ
1085 2563 1550 2651 καταλάβωσιν
1594 2559 1805 2634 αὐτὸν
1841 2568 1914 2633 οἰ
1947 2564 2259 2651 πολέμιοι

268 2664 660 2753 διώκοντες,
700 2672 931 2752 τριβῆς
958 2667 1112 2753 περὶ
1140 2662 1212 2733 τὸ
1242 2672 1514 2755 πρᾶγμα
1542 2667 1921 2755 γενομένης.
1988 2665 2252 2737 σπασά-

266 2796 474 2860 μενον
528 2774 700 2857 γοῦν
750 2763 961 2837 αὐτὸν
1027 2765 1101 2838 τὸ
1153 2770 1347 2855 ξίφος
1397 2771 1511 2839 καὶ
1550 2773 1876 2858 μέλλοντα
1939 2770 2262 2857 πλήττειν
2293 2796 2359 2839 25

240 2869 478 2944 ,αὑτὸν
516 2872 852 2959 κατέσχον
880 2874 950 2940 οἱ
984 2869 1340 2961 παρόντες,
1397 2878 1491 2965 τῷ
1528 2900 1600 2943 τε
1634 2872 1884 2960 πλήθει
1935 2872 2261 2960 κατισχύ-

269 2998 505 3057 σαντες
560 2974 674 3044 καὶ
730 2969 819 3056 ώς
872 2969 998 3044 ούκ
1053 2976 1254 3063 ἐχρῆν
1315 2971 1562 3055 αὐτοὺς
1613 2978 2079 3064 ἐγκαταλιπεῖν
2143 2978 2263 3045 ἐπὶ

271 3095 407 3164 τοῖς
446 3082 714 3167 ἐχθροῖς
768 3079 1127 3165 ἐσομένους
1174 3078 1510 3165 λεγοντες·
1571 3106 1655 3148 ου
1702 3075 1832 3167 γὰρ
1869 3076 2041 3147 εἶναι
2093 3104 2263 3167 γεν-

271 3188 470 3251 ναίου
513 3208 652 3251 των
677 3185 926 3250 δεινῶν
971 3176 1181 3250 αὑτὸν
1216 3180 1772 3272 ἐλευθερώσαντα
1813 3178 1972 3261 τοὺς
2011 3187 2290 3281 φίλους
2433 3235 2443 3242 .

272 3285 347 3351 ἐν
398 3280 623 3364 αυτοῖς
675 3278 1045 3373 υπεριδετν.
1121 3284 1431 3371 βιασθεὶς
1481 3311 1611 3355 ουν
1663 3270 2077 3372 ἀποσχέσθαι
2128 3290 2265 3353 τοῦ
2281 3313 2376 3388 ’ω
2458 3354 2475 3378 Ἴ

271 3379 437 3452 καθ’
486 3379 695 3455 αυτὸν
732 3384 1142 3475 τολμηματος
1192 3392 1377 3457 αίδοῖ
1416 3414 1490 3456 τε
1532 3416 1669 3458 των
1709 3388 2100 3482 λεγομένων
2141 3390 2269 3457 κοῖὶ

272 3482 522 3573 πλήθει
549 3510 683 3553 των
710 3486 835 3559 οὐκ
848 3489 1342 3578 ἐπιτρεπόντων
1368 3487 1579 3562 αὐτοῦ
1607 3498 1686 3582 τῇ
1709 3493 1883 3584 χειρὶ
1911 3489 2268 3584 διακονεῖν
