2500 3882
252 109 330 173 18
618 87 625 98 ’
936 110 1584 174 ΑΡΧΑΙΟΛΟΠΑΣ
1625 137 1632 142 -

251 290 390 355 τῶν
428 288 549 354 τοῦ
586 284 913 372 βασιλέως
963 288 1281 371 γίνεσθαι
1332 282 1706 376 διετάξατῳ
1764 283 2124 374 προσέταξε
2167 281 2243 352 δὲ

190 397 209 410 ““
253 389 366 459 καὶ
396 385 475 457 τὰ
503 385 746 476 σκεύη,
776 382 820 455 ἃ
850 384 1142 476 συλήσας
1168 386 1849 478 Ναβουχοδονόσορος
1889 393 1983 467 είς
2011 393 2240 475 Βαβυ-

252 496 444 562 λῶνά
477 488 818 578 ἐκόμισεν,
862 484 1287 576 ἀποδοθῆναι
1325 505 1463 570 τοῖς
1490 485 2040 579 Ἱεροσολυμίταις
2056 510 2072 525 ·
2116 486 2244 577 τὴν

255 595 329 665 δὲ
375 596 758 683 ἐπιμέλειαν
796 590 1059 662 τούτων
1104 589 1279 661 εἶναι
1316 587 1731 683 Ἀβασσάρου
1778 598 1900 686 τοῦ
1928 591 2243 681 ·έπάρχου

251 699 365 768 καὶ
393 701 509 786 τῆς
535 702 794 787 Συρίας
818 721 891 764 τε
915 695 1027 763 καὶ
1055 700 1374 783 Φοινίκης
1397 690 1723 785 ἡγεμόνος
1750 697 2027 765 καὶτῶν
2063 696 2240 763 ἕταί-
2281 726 2313 767 ε

254 828 394 891 ρων
419 796 670 883 αὐτοῦ,
705 794 885 878 ὅπως
919 794 1111 867 αὐτοὶ
1140 797 1265 886 μὲν
1290 795 1649 886 ἀφέξονται
1682 804 1803 868 τοῦ
1829 798 2071 883 τόπου,
2111 812 2281 877 τοῖς

259 904 334 975 δὲ
375 900 642 983 δούλοις
680 905 802 969 τοῦ
840 905 1013 971 θεοῦ
1030 897 1442 988 ,Ἰουδαίοις
1482 903 1596 971 καὶ
1635 897 1958 991 ἡγεμόσιν
2000 896 2248 985 αὐτῶν,

256 1007 706 1096 ἐπιτρέψωσιν
742 999 1175 1094 οἰκοδομῆσαι
1211 1002 1332 1073 τὸν
1372 1004 1559 1075 ναόν.
1630 1006 1744 1075 καὶ
1790 1011 2251 1093 συλλαβέσθαι

261 1109 336 1180 δὲ
363 1105 527 1199 πρὸς
551 1105 626 1179 τὸ
666 1112 864 1198 ἔργον
905 1105 1282 1193 διετάξατο,
1322 1103 1452 1176 κάκ
1487 1112 1611 1178 τοῦ
1640 1107 1857 1200 φόρου
1882 1112 1999 1197 τῆς
2033 1105 2249 1195 χώρας

256 1203 337 1304 ῆς
367 1209 889 1335 ἐπετροπεύοντο
913 1219 1134 1280 τελεῖν
1167 1225 1306 1290 τοϊς
1331 1205 1676 1292 Ἰουδαίοις
1716 1218 1810 1293 είς
1848 1215 2096 1289 θυσίας
2131 1206 2244 1278 λό-
2289 1235 2347 1275 ιο

256 1344 382 1406 γον
417 1310 708 1405 ταύρους
747 1315 859 1382 καὶ
894 1310 1123 1405 κριοῦς
1155 1310 1339 1383 καὶ”
1295 1341 1503 1404 αρνας
1538 1316 1649 1384 καὶ
1689 1317 1964 1406 ἐρίφους
1990 1313 2104 1381 καὶ
2135 1333 2247 1380 σε-

256 1424 532 1510 μίδαλιν
561 1417 674 1493 καὶ
701 1423 927 1487 ἔλαιον
947 1414 1062 1486 καὶ
1091 1413 1301 1503 οἶνον,
1327 1417 1441 1485 καὶ
1465 1408 1673 1487 ταλλα
1698 1415 1821 1492 ὅσα
1847 1446 1934 1504 αν
1958 1420 2029 1485 οι
2052 1420 2254 1505 ιερεῐς

254 1518 816 1622 ὑπαγορεύσωσιν
832 1570 852 1606 ,
897 1516 1224 1608 εὔχωνται
1273 1519 1347 1589 δὲ
1390 1515 1563 1611 ὑπὲρ
1607 1524 1723 1611 τῆς
1763 1525 2092 1610 σωτηρίας
2131 1523 2256 1587 τοῦ

258 1624 583 1718 βασιλέως
610 1624 722 1693 καὶ
747 1627 1055 1713 Περσων.
1099 1620 1256 1703 τοῦς
1281 1622 1358 1693 δὲ
1382 1617 1811 1713 παραβάντας
1837 1652 1900 1693 τι
1928 1650 2065 1698 των
2092 1624 2248 1726 ἐπεῖ

258 1730 650 1816 σταλμένων
683 1727 1213 1816 συλληφθέντας
1239 1728 1595 1797 ἐκέλευσεν
1618 1691 2251 1818 ἀνασταυρωθῆναι,
2297 1751 2354 1792 ιε
2434 1733 2450 1748 ‘

257 1832 373 1901 καὶ
420 1827 543 1920 τὴν
575 1825 817 1906 οὐσίαν
855 1826 1084 1900 αὐτων
1130 1835 1226 1911 είς
1262 1828 1388 1920 τὴν
1420 1828 1779 1919 βασιλικὴν
1799 1832 2256 1918 καταταγῆναι

258 1938 515 2023 κτῆσιν.
573 1935 684 2002 καὶ
728 1930 1096 2023 κατηύξατο
1130 1930 1296 2023 πρὸς
1337 1932 1596 2014 τούτοις
1633 1962 1725 2029 τω
1760 1940 1936 2035 θεω,
1979 1959 2158 2012 οπως
2192 1941 2255 2002 εἰ

260 2064 363 2118 τις
401 2035 836 2127 ἐπιχειρήσειε
881 2042 1294 2107 διακωλῦσαι
1335 2034 1459 2127 τὴν
1483 2043 1876 2126 οἰκοδομίαν
1905 2041 2025 2107 τοῦ
2059 2040 2257 2121 ναοῦ,

263 2138 492 2231 βαλων
519 2135 729 2209 αὐτὸν
752 2135 788 2237 5
814 2137 973 2220 θεὸς
1003 2142 1235 2231 ἐπίσχη
1263 2144 1378 2229 τῆς
1405 2135 1726 2221 ἇδικίαςῗ

203 2262 235 2317 7
407 2240 614 2313 ταῦθ’
660 2238 880 2334 εὑρών
922 2245 998 2313 ἐν
1033 2257 1171 2323 τοῖς
1211 2239 1641 2334 ὑπομνήμασι
1681 2247 1803 2314 τοῦ
1842 2240 2077 2332 Κύρου
2104 2249 2252 2309 Aa·
2299 2271 2363 2313 au

265 2361 441 2438 ρεῖος
478 2343 875 2436 ἀντιγράφει
918 2350 1011 2439 τῷ
1054 2352 1302 2437 Σισίνῃ
1361 2347 1473 2419 καὶ
1515 2360 1653 2428 τοῖς
1707 2350 1994 2436 ἑταίροις
2043 2340 2263 2412 αὐτοῦ

262 2449 425 2519 τάδε
451 2448 688 2535 λέγων.
736 2443 1097 2537 “βασιλεῦς
1134 2458 1423 2538 Δαρεῖος
1449 2455 1695 2542 Σισίνῃ
1726 2453 1819 2543 τῷ
1855 2448 2117 2540 ἐπάρχῳ
2145 2446 2264 2518 καὶ

177 2624 187 2633 ,
260 2550 710 2642 Σαραβαζάνῃ
736 2553 1011 2632 καὶτοῖς
1048 2552 1330 2640 ἑταίροις
1364 2549 1593 2622 αὐτῶν
1617 2559 1898 2644 χαίρειν.
1968 2549 2043 2623 τὸ
2068 2548 2261 2619 ἄντί-

263 2682 533 2746 γραφον
562 2649 726 2744 ὑμῖν
750 2659 866 2743 τῆς
896 2656 1241 2745 ἐπιστολῆς
1269 2656 1342 2724 ἐν
1374 2670 1511 2736 τοϊς
1535 2652 2009 2746 ὑπομνήμασιν
2037 2648 2268 2742 εῦρῶν

264 2775 405 2840 τοῖς
444 2756 681 2849 Κύρου
721 2754 1133 2843 ἀπέσταλκα,
1179 2758 1293 2828 καὶ
1333 2757 1659 2848 βούλομαι
1681 2766 2004 2847 γίνεσθαι
2040 2760 2267 2826 πάντα
2303 2790 2368 2833 ²5

267 2859 498 2942 καθώς
540 2863 616 2931 ἐν
645 2856 816 2950 αὐτῇ
860 2863 1171 2952 περιέχει.
1202 2858 1592 2955 Ἆέρρωσθεῗ
1654 2860 1986 2950 μαθόντες
2024 2851 2153 2931 οὖν
2182 2860 2265 2927 ἐκ

266 2971 383 3053 τῆς
408 2968 756 3053 ἐπιστολῆς
792 2960 827 3034 5
854 2972 1137 3054 Σισίνης
1162 2966 1277 3035 καὶ
1304 2970 1375 3036 οἱ
1392 2962 1522 3035 σῦν
1548 2961 1733 3061 αὐτῷ
1763 2962 1888 3054 τὴν
1912 2970 2033 3036 τοῦ
2059 2972 2264 3054 βασι-

269 3070 435 3147 λέως
460 3074 885 3160 προαίρεσιν,
923 3070 1132 3158 ταύτῃ
1157 3066 1238 3138 τὰ
1267 3066 1468 3139 λοιποὶ
1492 3065 1839 3153 ἀκόλουθα
1867 3083 2089 3138 ποιεῖν
2116 3068 2267 3138 διέ-

267 3189 561 3259 γνωσαν.
614 3170 1018 3242 ἐπεστάτουν
1044 3163 1171 3241 οὖν
1197 3176 1336 3241 των
1363 3176 1565 3263 ἱερων
1591 3178 1843 3261 ἔργων,
1869 3179 2268 3262 συλλαμβα-
2449 3248 2450 3259 ¹

267 3270 542 3359 νόμενοι
575 3287 710 3354 τοῖς
737 3276 1210 3365 πρεσβυτέροις
1236 3302 1374 3344 των
1407 3271 1784 3362 Ἰουδαίων,
1828 3277 1941 3344 καὶ
1977 3302 2115 3346 των
2142 3302 2263 3362 γε·
2312 3307 2385 3349 ao
2449 3262 2450 3281 Χ

271 3373 532 3467 ρόντων
559 3389 696 3454 τοῖς
719 3373 1017 3466 αρχουσι.
1068 3374 1246 3447 -’καὶ
1208 3377 1451 3468 ηνύετο
1480 3405 1647 3447 κατα
1672 3376 1929 3468 πολλην
1952 3376 2273 3470 σπουδὴν

188 3496 196 3513 “·
269 3470 314 3582 ἦ
352 3473 730 3565 κατασκευὴ
768 3486 889 3549 τοῦ
935 3485 1139 3570 ναοῦ,
1184 3481 1752 3588 προφητευόντων
1794 3481 2106 3577 Ἀγγαίου
2148 3486 2275 3563 καὶ
