2500 3882
14 2926 17 2975 ἓ

14 2980 17 3031 f

18 1091 23 1248 J

933 76 1633 136 ΤΡΙΣΚΑΙΔΕΚΑΤΗ
2144 72 2262 137 135

186 318 193 325 ,
262 243 654 336 ἀκρόπολιν.
706 240 1326 332 ἀναγνωσθέντων
1319 245 1395 318 δὲ
1422 245 1716 332 τούτων,
1757 251 1829 316 οἰ
1848 223 2109 334 ἀσεβεῖς
2144 250 2268 318 καὶ

263 347 571 437 φυγάδες
597 353 669 417 οἱ
686 350 761 418 ἐκ
788 354 904 436 τῆς
930 345 1356 437 ἀκροπόλεως
1384 356 1539 418 λίαν
1568 354 1864 437 ἔδεισαν,
1910 355 2257 441 ἐπιτετρα-

265 451 475 541 φότος
507 448 793 574 Ἰωνάθῃ
830 458 955 520 τοῦ
992 454 1318 540 βασιλέως
1360 450 1680 550 στρατιᾷν
1723 455 2086 542 συλλέγειν
2141 457 2256 524 καὶ

262 553 424 636 τοὺς
456 549 783 644 ὁμήρους
798 549 1185 643 ἀπολαβεῖν.
1267 550 1306 625 ὂ
1344 556 1420 625 δὲ
1458 572 1595 637 τοῖς
1634 562 1954 645 γονεῦσιν
2001 557 2255 652 ἑκάστω

200 698 230 738 5
266 656 387 728 τὸν
414 662 595 727 ἴδιον
620 653 945 727 ἀπέδωκε.
1019 660 1134 727 καὶ
1171 685 1351 728 ουτω
1380 658 1505 749 μὲν
1534 656 1854 749 Ἰωνάθης
1883 662 1957 731 ἐν
1974 628 2257 749 Ιεροσό-

268 760 500 848 λῦμοις
525 758 651 849 τὴν
674 759 894 850 μονὴν
920 763 1228 849 ἐποιεῖτο,
1258 770 1575 848 καινίζων
1600 760 1682 832 τὰ
1707 761 1876 834 κατὰ
1905 762 2029 852 τὴν
2056 763 2256 833 πόλιν

264 864 380 933 καὶ
419 860 587 954 πρὸς
626 861 751 952 τὴν
788 858 1005 934 αὑτοῦ
1029 862 1355 953 βούλησιν
1396 866 1906 951 κατασκευάζων
1941 870 2252 937 ἕκαστον·

264 969 576 1037 ἐκέλευσε
619 962 747 1055 γὰρ
791 972 1327 1057 οἰκοδομηθῆναι
1371 971 1482 1038 καὶ
1521 997 1603 1038 τα
1637 976 1819 1058 τείχη
1858 977 1973 1058 τῆς
2002 969 2258 1049 πόλεως

266 1072 341 1140 ἐκ
386 1077 613 1139 λίθων
655 1070 1129 1159 τετραγώνων,
1180 1098 1272 1150 ως
1309 1098 1395 1139 αν
1433 1062 1478 1159 ᾖ
1518 1070 1684 1160 πρὸς
1710 1069 1870 1152 τοὺς
1899 1081 2259 1170 πολεμίους
2373 1119 2384 1128 ·

182 1205 233 1247 m
268 1169 750 1263 ἀσφαλέστερα.
817 1179 1027 1243 ταῦτα
1065 1170 1132 1242 δ’
1165 1168 1456 1262 ὁρῶντες
1490 1179 1561 1243 οἱ
1581 1203 1718 1248 των
1747 1183 2095 1299 φρουρίων
2122 1204 2258 1245 των

269 1279 345 1347 ἐν
384 1281 467 1366 τῇ
500 1272 792 1368 Ἰουδαία
823 1275 1160 1366 φύλακες,
1204 1275 1587 1358 ἐκλιπόντες
1615 1273 1787 1346 αὐτὰ
1816 1277 2058 1357 πάντες
2085 1285 2259 1365 ἔφυ-

264 1406 391 1467 γον
420 1384 516 1464 εἰς
545 1374 979 1467 Ἀντιόχειαν,
1024 1380 1231 1469 πάρεξ
1271 1407 1409 1450 των
1445 1382 1521 1450 ἐν
1544 1379 1907 1503 Βεθσοῦρα
1933 1380 2122 1451 πόλει
2147 1382 2261 1449 καὶ

265 1509 409 1551 των
432 1484 506 1552 ἐν
533 1486 613 1571 τῇ
640 1509 816 1574 ακρᾳ
843 1510 979 1552 των
997 1477 1513 1572 Ἱεροσολύμων·
1564 1510 1756 1554 ουτοι
1779 1511 1910 1573 γαρ
1939 1477 1979 1571 ἡ
2008 1489 2261 1553 πλείων

265 1599 469 1674 μοῖρα
494 1613 632 1654 των
656 1582 923 1673 ἀσεβῶν
942 1580 1291 1656 Ἰουδαίων
1318 1588 1434 1657 καὶ
1455 1585 1897 1677 πεφευγότων
1925 1578 2117 1677 ἦσαν,
2147 1588 2259 1657 καὶ

180 1714 231 1757 ιε
267 1685 384 1758 διὰ
411 1694 610 1758 τοῦτο
638 1716 755 1769 τας
780 1686 1088 1777 φρουρὰς
1113 1685 1242 1759 οῦκ
1269 1691 1721 1778 ἐγκατέλιπον.

412 1788 623 1879 γνούς
664 1791 741 1862 δὲ
774 1787 1201 1879 Ἀλέξανδρος
1244 1793 1362 1873 τάς
1403 1821 1476 1864 τε
1504 1790 1896 1881 ὑποσχέσεις
1925 1789 2003 1874 ἃς
2031 1791 2258 1881 ἐποιή-
2294 1811 2329 1864 2

264 1917 425 1965 σατο
466 1894 855 1987 Δημήτριος
888 1892 1056 1981 πρὸς
1074 1887 1433 1986 Ἰωνάθην,
1463 1898 1576 1969 καὶ
1605 1893 1801 1978 εἰδώς
1826 1899 1940 1967 καὶ
1978 1890 2101 1985 τὴν
2134 1891 2259 1966 ἀν-

266 2003 507 2088 δρείαν
534 1994 749 2089 αὐτοῦ
775 2001 890 2069 καὶ
928 1994 1143 2070 ὁπόσα
1182 2002 1460 2088 διέθηκε
1495 2006 1806 2089 πολεμῶν
1832 1998 1988 2080 τούς
2015 2007 2257 2069 Μακε-

267 2100 504 2189 δόνας,
547 2103 659 2171 καὶ
699 2101 906 2175 πάλιν
944 2096 1055 2172 οἷα
1093 2100 1457 2183 πεπονθώς
1496 2098 1698 2183 αὐτὸς
1727 2111 1828 2189 εἴη
1856 2097 1991 2171 ὑπὸ
2017 2111 2259 2189 Δημητ-

174 2234 236 2277 2⁰
265 2210 461 2293 τρίου
504 2205 618 2273 καὶ
663 2210 1002 2293 Βακχίδου
1040 2210 1163 2274 τοῦ
1207 2210 1604 2299 Δημητρίου
1630 2209 2038 2293 στρατηγοῦ,
2085 2202 2259 2293 σύμ-Α

263 2332 481 2396 μαχον
508 2303 638 2376 οῦκ
665 2301 753 2379 ἂν
778 2303 1007 2400 εῦρεῑν
1026 2303 1352 2379 Ἰωνάθου
1366 2304 1617 2396 ἀμείνω
1636 2305 1803 2398 πρὸς
1830 2299 1985 2387 τοῦς
2014 2312 2261 2397 φίλους

264 2416 500 2499 ἔλεγεν
539 2413 614 2480 ἐν
651 2418 744 2504 τῷ
786 2409 1068 2501 παρόντι
1094 2417 1341 2504 καιρῷ,
1389 2407 1464 2494 ὃς
1500 2411 1614 2480 καὶ
1653 2408 1820 2500 πρὸς
1855 2408 2014 2492 τούς
2056 2419 2257 2480 πολε-

228 2520 465 2603 μίους
503 2514 686 2583 ἐστὶν
727 2511 1038 2604 ἀνδρεῖος
1077 2517 1191 2585 καὶ
1224 2528 1415 2602 μισὸς
1451 2521 1701 2587 οἰκειον
1740 2520 1874 2602 ἔχει
1915 2510 2081 2605 πρὸς
2107 2524 2257 2603 Δη-

271 2613 573 2703 μήτριον,
599 2614 816 2687 πολλὰ
842 2615 1209 2699 πεπονθως
1234 2613 1361 2687 υπ’
1395 2616 1613 2688 αὐτοῦ
1640 2644 1816 2689 κακα
1839 2619 1952 2687 καὶ
1979 2643 2262 2705 πεποιη-

178 2746 241 2789 25
276 2715 432 2801 κός.
485 2712 597 2789 “εἰ
619 2724 985 2808 τοιγαροῦν
1017 2725 1210 2791 δοκεῖ
1242 2727 1446 2807 φίλον
1475 2730 1817 2790 ποιεισθαι
1857 2716 2067 2787 αὐτὸν
2094 2717 2262 2788 κατὰ

264 2830 688 2913 Δημητρίου,
724 2830 859 2892 νῦν
889 2824 1069 2893 ἐστὶν
1098 2820 1226 2893 οὐκ
1256 2819 1416 2892 αλλο
1445 2850 1507 2892 τι
1532 2820 2031 2910 χρησιμωτερον
2058 2815 2102 2909 ἦ
2130 2847 2263 2890 πα-

264 2933 592 3016 ρακαλεῖν
618 2921 831 2996 αὐτὸν
864 2926 971 2996 ἐπὶ
1000 2924 1124 3015 τὴν
1164 2920 1600 3013 συμμαχίανῗ
1665 2923 1869 3006 δόξαν
1914 2950 2041 2992 ουν
2077 2918 2260 3016 αῦτω

264 3029 381 3097 καὶ
436 3042 575 3108 τοῖς
629 3034 855 3117 φίλοις
903 3031 1191 3117 πέμπειν
1244 3025 1413 3116 πρὸς
1455 3024 1575 3096 τὸν
1607 3022 1967 3114 Ἰωνάθην,
2008 3024 2258 3113 γράφει

264 3129 593 3218 τοιαύτην
631 3130 1003 3218 ἐπιστολήν.
1073 3126 1435 3219 “βασιλεύς
1490 3124 1919 3225 Ἀλέξανδρος
1974 3123 2257 3220 Ἰωνάθῃ

183 3267 239 3311 ω
269 3240 364 3325 τῷ
392 3229 672 3327 ἀδελφῷ
697 3240 978 3322 χαίρειν.
1051 3231 1177 3322 τὴν
1212 3233 1339 3321 μὲν
1383 3228 1706 3325 ἀνδρείαν
1733 3251 1860 3300 σου
1885 3231 1997 3300 καὶ
2031 3238 2278 3305 πίστιν

269 3331 657 3426 ἀκηκόαμεν
696 3337 934 3424 πάλαι,
975 3338 1089 3405 καὶ
1128 3334 1242 3409 διὰ
1281 3340 1477 3406 τοῦτο
1519 3333 1963 3423 πεπόμφαμεν
1989 3333 2155 3424 πρός
2179 3355 2256 3403 σε

269 3441 428 3530 περὶ
454 3446 686 3528 φιλίας
711 3441 824 3511 καὶ
858 3446 1268 3529 συμμαχίας,
1306 3442 1818 3529 χειροτονοῦμεν
1846 3439 1925 3507 δέ
1949 3459 2025 3507 σε
2050 3436 2256 3522 σήμετ-
