2500 3882
224 146 348 210 300
547 193 553 198 .
785 103 790 110 ’
906 145 1563 206 ΑΡΧΑιοΛοΓιΑΣ

177 363 182 368 ›
222 318 402 401 τούς.
480 319 594 388 καὶ
643 319 852 446 μάχης
903 323 1225 424 καρτερᾶς
1295 320 1654 406 γενομένης
1720 314 2094 403 ἐκράτησαν
2147 318 2222 385 οἰ

215 419 545 493 Ἰουδαῖοι.
625 421 788 512 μετὰ
829 423 906 492 δὲ
946 427 1155 490 ταῦτα
1196 417 1407 507 πολλὴ
1446 418 1723 509 στρατιὰ
1748 427 1885 489 τῶν
1905 413 2214 506 Ἀράβων

221 532 324 618 εἰς
348 523 540 594 Κανὰ
568 525 836 616 συνῄει·
893 529 1104 612 χωρία
1132 511 1198 592 δ’
1231 529 1370 591 ἔστι
1405 529 1614 592 ταῦτα
1640 528 1756 611 τῆς
1783 527 2032 609 Κοίλης
2058 530 2213 589 Συ·-

221 636 387 726 ρίας.
457 623 757 718 Ἡρώδης
800 628 875 697 δὲ
914 627 1466 713 προπεπυσμένος
1506 616 1670 713 ἦκέν
1711 623 1899 713 ἄγων
1940 619 2045 694 ἐπ’
2077 621 2212 692 αύ-

85 759 98 775 ¹
220 729 379 812 τούς
424 728 497 800 τὸ
544 739 857 801 πλεῖστον
891 719 971 816 ἧς
1014 726 1160 815 εἶχε
1188 727 1569 816 δυνάμεως,
1594 730 1708 798 καὶ
1734 726 2102 816 πλησιάσας
2133 728 2212 796 ἐν
2247 755 2277 797 ⁵

219 831 415 902 Κανὰ
453 823 1103 923 στρατοπεδεύεσθαι
1150 830 1504 918 διεγνώκει
1523 883 1542 918 ,
1572 830 1847 918 χάρακά
1889 858 1959 900 τε
2002 831 2215 917 βαλό-

219 963 418 1024 μενος
460 937 525 1018 ἐξ
569 933 890 1026 εὐκαίρου
946 947 1090 1013 ταῖς
1137 935 1372 1020 μάχαις
1427 936 1835 1024 ἐπιχειρεῖν.
1882 939 2094 1002 ταῦτα
2131 930 2216 1003 δὲ

219 1035 431 1108 αὐτοῦ
481 1039 934 1130 ἐπιτάττοντος
953 1090 971 1123 ,
1034 1036 1193 1124 ἐβόα
1252 1033 1327 1105 τὸ
1381 1042 1642 1125 πλῆθος
1692 1044 1828 1106 τῶν
1861 1032 2216 1106 Ἰουδαίων

219 1141 675 1229 παρελόμενον
711 1148 827 1229 τῆς
865 1146 1098 1230 τριβῆς
1134 1135 1327 1227 ἄγειν
1365 1141 1474 1208 ἐπὶ
1502 1135 1979 1228 τοὺς”Αραβας.
2069 1135 2215 1226 (ὅρ-

219 1271 384 1332 μητο
422 1245 499 1314 δὲ
541 1246 653 1313 καὶ
689 1251 782 1337 τῷ
809 1241 1257 1330 συντετάχθαι
1284 1241 1626 1312 πιστεύειν
1653 1249 1892 1327 καλῶς,
1926 1242 2039 1311 καὶ
2064 1255 2214 1323 ταῖς
2256 1275 2313 1316 ιο

218 1347 631 1436 προθυμίαις
671 1344 1275 1436 ἅμεινον·.ἐχόντων
1312 1340 1457 1414 ὅσοι
1489 1343 1611 1434 τὴν
1638 1346 1910 1434 πρώτην
1935 1343 2215 1432 νενική-

218 1469 457 1537 κεσαν,
502 1447 652 1520 οὐδ’
700 1454 793 1531 εἰς
833 1464 1057 1537 χεῖρας
1084 1452 1315 1518 ἐλθεῖν
1343 1450 1813 1537 ἐπιτρέψαντες
1838 1462 1978 1527 τοῖς
2006 1456 2216 1517 πολε-

220 1560 415 1640 μίοις.
502 1552 996 1640 θορυβούντων
1037 1541 1165 1619 οὖν
1205 1552 1323 1619 καὶ
1370 1557 1595 1620 πᾶσαν
1637 1552 2221 1638 ἐπιδεικνυμένων

220 1654 559 1742 σπουδήν,
601 1660 775 1742 ἔγνω
823 1660 903 1743 τῇ
943 1659 1294 1743 προθυμία
1333 1660 1454 1722 τοῦ
1495 1654 1801 1743 πλήθους
1828 1649 1865 1723 ὁ
1892 1651 2217 1741 βασιλεὺς

221 1751 799 1854 ἀποχρήσασθαι,
818 1757 933 1826 καὶ
986 1781 1330 1843 προειπων
1388 1752 1479 1837 ὥς
1532 1754 1617 1826 ού
1669 1763 2042 1838 λελείψεται
2092 1761 2216 1845 τῆς
2257 1792 2314 1834 15

165 1933 172 1947 ¹
222 1856 565 1928 ἐκείνων’
527 1864 784 1949 αρετῆς,
820 1865 1078 1948 πρῶτος
1103 1853 1307 1938 αὐτὸς
1343 1860 1418 1927 ἐν
1458 1873 1595 1940 τοῖς
1631 1855 1862 1941 οπλοις
1893 1855 2213 1949 ἡγήσατο,

222 1963 495 2033 πάντων
521 1959 666 2033 κατ’
700 1968 913 2033 οἰκεῖα
939 1964 1092 2051 τέλη
1120 1961 1878 2052 συνακολουθησάντων.
1951 1971 2217 2052 §axin-⁴

220 2069 318 2148 ξις
358 2066 434 2135 δὲ
474 2062 689 2147 εὐθυς
728 2068 1034 2154 ἐμπίπτει
1072 2081 1209 2145 τοῖς
1228 2060 1560 2152 ’Ἄραψιν
1615 2063 2039 2146 ἀντιστάντες
2074 2064 2214 2157 γὰρ

179 2184 188 2191 “
222 2174 316 2248 εἰς
345 2164 577 2258 ὀλίγον
593 2220 611 2253 ,
660 2167 750 2249 ὥς
776 2168 1009 2271 ἑώρων
1034 2164 1329 2258 ἀμάχους
1354 2164 1551 2250 ὄντας
1578 2171 1691 2239 καὶ
1716 2167 2001 2259 μεστοὺς
2027 2196 2215 2258 φρο-

117 2322 130 2347 .
215 2271 527 2359 νήματος,
558 2277 816 2360 ἔφυγον
842 2276 910 2341 οἱ
929 2278 1200 2352 πλείους
1225 2275 1667 2358 ἐγκλίναντες.
1745 2300 1874 2342 καν
1908 2272 2214 2360 διεφθά-
2250 2299 2318 2341 zo

220 2393 469 2461 ρησαν,
512 2372 601 2463 μὴ
636 2370 1050 2462 Ἀθηνίωνος
1086 2373 1511 2453 κακώσαντος
1543 2371 1851 2464 Ἡρώδην
1882 2377 1993 2444 καὶ
2046 2372 2214 2458 τούς

210 2471 598 2556 Ἰουδαίους.
678 2467 875 2556 οὗτος
913 2504 1042 2564 γαρ
1083 2502 1180 2545 ων
1222 2475 1589 2564 στρατηγὸς
1625 2479 1751 2566 μὲν
1777 2477 2214 2566 Κλεοπάτρας

221 2578 330 2648 ἐπὶ
358 2604 495 2647 των
525 2580 681 2665 ἐκεῖ,
711 2578 1036 2667 διάφορος
1064 2578 1140 2648 δὲ
1155 2574 1454 2669 Ηροίδῃ,
1498 2577 1574 2649 τὸ
1600 2583 1847 2669 μέλλον
1873 2576 1999 2650 οὐκ
2026 2577 2214 2650 άπα-

219 2680 565 2768 ρασκεύως
623 2679 921 2766 ἐσκόπει,
978 2681 1374 2770 δρασάντων
1423 2685 1547 2770 μέν
1596 2711 1659 2753 τι
1710 2682 2016 2773 λαμπρὸν
2066 2710 2212 2753 των

211 2781 518 2874 Ἀράβων
551 2782 860 2874 ἐγνωκώς
886 2779 1241 2873 ἡσυχίαν”
1196 2810 1423 2872 αγειν,
1464 2782 1862 2891 ἡττωμένων
1888 2788 1986 2873 δέ,
2016 2812 2054 2855 ο
2088 2788 2210 2857 καὶ
2249 2813 2303 2857 2:

220 2890 473 2977 συνέβη
489 2940 508 2975 ,
539 2904 675 2968 τοῖς
699 2883 829 2958 άπὸ
856 2894 970 2977 τῆς
995 2914 1213 2975 χωρας
1248 2872 1762 2976 συνεληλυθόσι
1774 2917 1913 2959 των
1937 2894 2214 2960 οἰκείων

221 2992 844 3078 παρεσκευασμένος
874 2993 1302 3059 ἐπιτίθεσθαι
1329 3005 1466 3071 τοῖς
1486 2988 1847 3073 Ἰουδαίοις.
1913 2993 2027 3061 καὶ
2056 2991 2213 3062 τότε

223 3095 585 3183 κεκμηκόσι
622 3121 694 3163 τε
734 3095 849 3163 καὶ
892 3100 1091 3163 νικᾶν
1129 3094 1462 3181 οἰομένοις
1500 3076 2015 3184 ἀπροσδοκήτως
2055 3098 2213 3165 ἐπι-

223 3195 448 3265 πεσων
486 3193 705 3267 πολυν
746 3197 953 3265 ἐποίει
982 3196 1231 3285 φόνον·
1291 3195 1409 3276 τάς
1435 3224 1507 3267 τε
1532 3196 1661 3286 γὰρ
1697 3203 2080 3286 προθυμίας
2112 3203 2217 3280 εἰς

223 3282 381 3374 τους
425 3294 1003 3387 ὁμολογουμένως
1052 3296 1340 3386 ἐχθρους
1403 3300 1981 3390 ἐκδαπανήσαντες
2034 3297 2217 3371 Ἰου-
2255 3333 2321 3377 a·

224 3401 434 3479 δαῖοι,
488 3401 604 3466 καὶ
642 3428 734 3495 τω
771 3405 970 3472 νικᾶν
1007 3397 1112 3470 ἐπ’
1157 3398 1387 3483 άδείας
1434 3402 1798 3492 χρεόμενοι,
1853 3430 2020 3491 ταχυ
2065 3430 2219 3474 των

224 3497 845 3584 ἐπιχειρησάντων’
809 3511 1101 3590 ηττῶντο
1118 3556 1137 3595 ,
1179 3507 1291 3575 καὶ
1330 3507 1578 3590 πολλὰς
1617 3505 1993 3597 ἐλάμβανον
2030 3514 2219 3597 πλη-
