<?xml version="1.0" encoding="UTF-8"?>
<!DOCTYPE html PUBLIC "-//W3C//DTD XHTML 1.0 Transitional//EN"
    "http://www.w3.org/TR/xhtml1/DTD/xhtml1-transitional.dtd">
<html xmlns="http://www.w3.org/1999/xhtml" xml:lang="en" lang="en">
 <head>
  <title>
</title>
<meta http-equiv="Content-Type" content="text/html;charset=utf-8" />
  <meta name='ocr-system' content='tesseract 3.04.00' />
  <meta name='ocr-capabilities' content='ocr_page ocr_carea ocr_par ocr_line ocrx_word'/>
</head>
<body>
  <div class='ocr_page' id='page_1' title='image "./flaviiiosephiop00josegoog_0098.png"; bbox 0 0 2500 3882; ppageno 0'>
   <div class='ocr_carea' id='block_1_1' title="bbox 251 51 1572 169">
    <p class='ocr_par' dir='ltr' id='par_1_1' title="bbox 251 51 1572 169">
     <span class='ocr_line' id='line_1_1' title="bbox 251 51 1572 169; baseline -0.002 0"><span class='ocrx_word' id='word_1_1' title='bbox 251 107 330 169; x_wconf 75' lang='lat'><strong><em>88</em></strong></span> <span class='ocrx_word' id='word_1_2' title='bbox 621 51 629 69; x_wconf 61' lang='lat'>*</span> <span class='ocrx_word' id='word_1_3' title='bbox 924 106 1572 167; x_wconf 85' lang='grc' dir='ltr'><em>ΑΡΧΑΙΟΛΟΓΙΑΣ</em></span> 
     </span>
    </p>
   </div>
   <div class='ocr_carea' id='block_1_2' title="bbox 160 266 2441 3550">
    <p class='ocr_par' dir='ltr' id='par_1_2' title="bbox 255 266 2376 368">
     <span class='ocr_line' id='line_1_2' title="bbox 255 266 2376 368; baseline -0 -19"><span class='ocrx_word' id='word_1_4' title='bbox 255 280 531 367; x_wconf 79' lang='grc' dir='ltr'><strong><em>ποιήσας</em></strong></span> <span class='ocrx_word' id='word_1_5' title='bbox 557 277 813 368; x_wconf 79' lang='grc' dir='ltr'><em>μεγάλοι</em></span> <span class='ocrx_word' id='word_1_6' title='bbox 849 279 923 348; x_wconf 79' lang='grc' dir='ltr'><strong><em>ἐκ</em></strong></span> <span class='ocrx_word' id='word_1_7' title='bbox 967 286 1081 366; x_wconf 82' lang='grc' dir='ltr'><strong><em>τῆς</em></strong></span> <span class='ocrx_word' id='word_1_8' title='bbox 1111 275 1288 366; x_wconf 74' lang='grc' dir='ltr'><strong><em>ὠνῆς</em></strong></span> <span class='ocrx_word' id='word_1_9' title='bbox 1315 285 1453 347; x_wconf 75' lang='grc' dir='ltr'><strong><em>τῶν</em></strong></span> <span class='ocrx_word' id='word_1_10' title='bbox 1478 284 1721 365; x_wconf 73' lang='grc' dir='ltr'><strong><em>τελῶν,</em></strong></span> <span class='ocrx_word' id='word_1_11' title='bbox 1756 284 1847 358; x_wconf 83' lang='grc' dir='ltr'><strong><em>εἰς</em></strong></span> <span class='ocrx_word' id='word_1_12' title='bbox 1876 275 1948 346; x_wconf 87' lang='grc' dir='ltr'><strong><em>τὸ</em></strong></span> <span class='ocrx_word' id='word_1_13' title='bbox 1981 281 2252 365; x_wconf 85' lang='grc' dir='ltr'><strong><em>διαμεῖ-</em></strong></span> <span class='ocrx_word' id='word_1_14' title='bbox 2356 266 2376 325; x_wconf 51' lang='lat' dir='ltr'>s</span> 
     </span>
    </p>

    <p class='ocr_par' dir='ltr' id='par_1_3' title="bbox 254 372 2250 472">
     <span class='ocr_line' id='line_1_3' title="bbox 254 372 2250 472; baseline -0.001 -21"><span class='ocrx_word' id='word_1_15' title='bbox 254 411 366 453; x_wconf 85' lang='grc' dir='ltr'><strong><em>ναι</em></strong></span> <span class='ocrx_word' id='word_1_16' title='bbox 405 378 530 471; x_wconf 82' lang='grc' dir='ltr'><strong><em>τὴν</em></strong></span> <span class='ocrx_word' id='word_1_17' title='bbox 570 378 1007 471; x_wconf 79' lang='grc' dir='ltr'><strong><em>ὑπάρχουσαν</em></strong></span> <span class='ocrx_word' id='word_1_18' title='bbox 1045 378 1226 472; x_wconf 78' lang='grc' dir='ltr'><strong><em>αὐτῷ</em></strong></span> <span class='ocrx_word' id='word_1_19' title='bbox 1254 382 1548 469; x_wconf 86' lang='grc' dir='ltr'><strong><em>δύναμιν</em></strong></span> <span class='ocrx_word' id='word_1_20' title='bbox 1575 395 1710 461; x_wconf 89' lang='grc' dir='ltr'><strong><em>τοῖς</em></strong></span> <span class='ocrx_word' id='word_1_21' title='bbox 1743 372 1895 451; x_wconf 79' lang='grc' dir='ltr'><strong><em>οὖσι</em></strong></span> <span class='ocrx_word' id='word_1_22' title='bbox 1923 381 2250 468; x_wconf 87' lang='grc' dir='ltr'><strong><em>κατεχρή-</em></strong></span> 
     </span>
    </p>

    <p class='ocr_par' dir='ltr' id='par_1_4' title="bbox 255 480 2248 579">
     <span class='ocr_line' id='line_1_4' title="bbox 255 480 2248 579; baseline -0.001 -25"><span class='ocrx_word' id='word_1_23' title='bbox 255 508 452 570; x_wconf 82' lang='grc' dir='ltr'><strong><em>σατο,</em></strong></span> <span class='ocrx_word' id='word_1_24' title='bbox 496 483 620 573; x_wconf 83' lang='grc' dir='ltr'><strong><em>τὴν</em></strong></span> <span class='ocrx_word' id='word_1_25' title='bbox 661 482 980 574; x_wconf 82' lang='grc' dir='ltr'><strong><em>ἀφορμὴν</em></strong></span> <span class='ocrx_word' id='word_1_26' title='bbox 1021 480 1200 577; x_wconf 75' lang='grc' dir='ltr'><strong><em>αὐτῷ</em></strong></span> <span class='ocrx_word' id='word_1_27' title='bbox 1234 486 1352 553; x_wconf 85' lang='grc' dir='ltr'><strong><em>καὶ</em></strong></span> <span class='ocrx_word' id='word_1_28' title='bbox 1399 483 1521 572; x_wconf 80' lang='grc' dir='ltr'><strong><em>τὴν</em></strong></span> <span class='ocrx_word' id='word_1_29' title='bbox 1562 480 1897 579; x_wconf 77' lang='grc' dir='ltr'><strong><em>ὑπόθεσιν</em></strong></span> <span class='ocrx_word' id='word_1_30' title='bbox 1935 488 2051 572; x_wconf 79' lang='grc' dir='ltr'><strong><em>τῆς</em></strong></span> <span class='ocrx_word' id='word_1_31' title='bbox 2095 482 2248 554; x_wconf 88' lang='grc' dir='ltr'><strong><em>τότε</em></strong></span> 
     </span>
    </p>

    <p class='ocr_par' dir='ltr' id='par_1_5' title="bbox 160 580 2258 676">
     <span class='ocr_line' id='line_1_5' title="bbox 160 580 2258 676; baseline -0 -19"><span class='ocrx_word' id='word_1_32' title='bbox 160 580 164 597; x_wconf 78' lang='grc'><strong>’</strong></span> <span class='ocrx_word' id='word_1_33' title='bbox 256 584 565 676; x_wconf 77' lang='grc' dir='ltr'><strong><em>εὐτυχίας</em></strong></span> <span class='ocrx_word' id='word_1_34' title='bbox 592 604 822 676; x_wconf 78' lang='grc' dir='ltr'><em>τηρεῖν</em></span> <span class='ocrx_word' id='word_1_35' title='bbox 851 585 1186 676; x_wconf 84' lang='grc' dir='ltr'><strong><em>φρόνιμον</em></strong></span> <span class='ocrx_word' id='word_1_36' title='bbox 1212 582 1585 675; x_wconf 80' lang='grc' dir='ltr'><strong><em>ἡγούμενος</em></strong></span> <span class='ocrx_word' id='word_1_37' title='bbox 1625 588 1692 668; x_wconf 78' lang='grc' dir='ltr'><strong><em>ἐξ</em></strong></span> <span class='ocrx_word' id='word_1_38' title='bbox 1734 584 1962 656; x_wconf 77' lang='grc' dir='ltr'><strong><em>αυτῶν</em></strong></span> <span class='ocrx_word' id='word_1_39' title='bbox 1988 613 2087 655; x_wconf 88' lang='grc' dir='ltr'><strong><em>ων</em></strong></span> <span class='ocrx_word' id='word_1_40' title='bbox 2114 583 2258 656; x_wconf 79' lang='grc' dir='ltr'><strong><em>αὖ-</em></strong></span> 
     </span>
    </p>

    <p class='ocr_par' dir='ltr' id='par_1_6' title="bbox 254 686 2301 782">
     <span class='ocr_line' id='line_1_6' title="bbox 254 686 2301 782; baseline -0.001 -22"><span class='ocrx_word' id='word_1_41' title='bbox 254 689 364 771; x_wconf 85' lang='grc' dir='ltr'><strong><em>τός</em></strong></span> <span class='ocrx_word' id='word_1_42' title='bbox 392 693 720 779; x_wconf 80' lang='grc' dir='ltr'><strong><em>ἐκέκτητο.</em></strong></span> <span class='ocrx_word' id='word_1_43' title='bbox 792 688 1004 760; x_wconf 81' lang='grc' dir='ltr'><strong><em>πολλὰ</em></strong></span> <span class='ocrx_word' id='word_1_44' title='bbox 1040 687 1172 779; x_wconf 76' lang='grc' dir='ltr'><strong><em>γὰρ</em></strong></span> <span class='ocrx_word' id='word_1_45' title='bbox 1207 686 1344 759; x_wconf 82' lang='grc' dir='ltr'><strong><em>ὑπὸ</em></strong></span> <span class='ocrx_word' id='word_1_46' title='bbox 1383 705 1571 777; x_wconf 91' lang='grc' dir='ltr'><strong><em>χεῖρα</em></strong></span> <span class='ocrx_word' id='word_1_47' title='bbox 1608 695 1701 782; x_wconf 79' lang='grc' dir='ltr'><strong><em>τῷ</em></strong></span> <span class='ocrx_word' id='word_1_48' title='bbox 1731 697 1995 778; x_wconf 85' lang='grc' dir='ltr'><strong><em>βασιλεῖ</em></strong></span> <span class='ocrx_word' id='word_1_49' title='bbox 2017 692 2128 759; x_wconf 86' lang='grc' dir='ltr'><strong><em>καὶ</em></strong></span> <span class='ocrx_word' id='word_1_50' title='bbox 2160 696 2244 781; x_wconf 83' lang='grc' dir='ltr'><strong><em>τῇ</em></strong></span> <span class='ocrx_word' id='word_1_51' title='bbox 2272 721 2301 758; x_wconf 80' lang='lat'><strong>5</strong></span> 
     </span>
    </p>

    <p class='ocr_par' dir='ltr' id='par_1_7' title="bbox 259 759 2247 885">
     <span class='ocr_line' id='line_1_7' title="bbox 259 759 2247 885; baseline 0 -23"><span class='ocrx_word' id='word_1_52' title='bbox 259 791 653 885; x_wconf 75' lang='grc' dir='ltr'><strong><em>Κλεοπάτρᾳ</em></strong></span> <span class='ocrx_word' id='word_1_53' title='bbox 693 797 879 880; x_wconf 76' lang='grc' dir='ltr'><strong><em>δῶρα</em></strong></span> <span class='ocrx_word' id='word_1_54' title='bbox 927 799 1178 880; x_wconf 80' lang='grc' dir='ltr'><strong><em>ἔπεμπε</em></strong></span> <span class='ocrx_word' id='word_1_55' title='bbox 1236 794 1350 861; x_wconf 85' lang='grc' dir='ltr'><strong><em>καὶ</em></strong></span> <span class='ocrx_word' id='word_1_56' title='bbox 1405 807 1543 873; x_wconf 78' lang='grc' dir='ltr'><strong><em>τοῖς</em></strong></span> <span class='ocrx_word' id='word_1_57' title='bbox 1587 759 1809 881; x_wconf 80' lang='grc' dir='ltr'><strong><em>φίλοις</em></strong></span> <span class='ocrx_word' id='word_1_58' title='bbox 1851 790 2078 862; x_wconf 75' lang='grc' dir='ltr'><strong><em>αὐτῶν</em></strong></span> <span class='ocrx_word' id='word_1_59' title='bbox 2132 794 2247 862; x_wconf 81' lang='grc' dir='ltr'><strong><em>καὶ</em></strong></span> 
     </span>
    </p>

    <p class='ocr_par' dir='ltr' id='par_1_8' title="bbox 162 891 2344 1087">
     <span class='ocr_line' id='line_1_8' title="bbox 162 891 2249 990; baseline 0 -26"><span class='ocrx_word' id='word_1_60' title='bbox 162 968 169 990; x_wconf 39' lang='lat'><strong><em>³</em></strong></span> <span class='ocrx_word' id='word_1_61' title='bbox 257 903 418 964; x_wconf 78' lang='grc' dir='ltr'><strong><em>πᾶσι</em></strong></span> <span class='ocrx_word' id='word_1_62' title='bbox 470 911 606 976; x_wconf 87' lang='grc' dir='ltr'><strong><em>τοῖς</em></strong></span> <span class='ocrx_word' id='word_1_63' title='bbox 659 895 814 979; x_wconf 81' lang='grc' dir='ltr'><strong><em>περὶ</em></strong></span> <span class='ocrx_word' id='word_1_64' title='bbox 870 894 993 983; x_wconf 82' lang='grc' dir='ltr'><strong><em>τὴν</em></strong></span> <span class='ocrx_word' id='word_1_65' title='bbox 1033 892 1250 984; x_wconf 88' lang='grc' dir='ltr'><strong><em>αύλὴν</em></strong></span> <span class='ocrx_word' id='word_1_66' title='bbox 1292 901 1638 982; x_wconf 77' lang='grc' dir='ltr'><strong><em>δυνατοῖς,</em></strong></span> <span class='ocrx_word' id='word_1_67' title='bbox 1700 891 2081 983; x_wconf 71' lang='grc' dir='ltr'><strong><em>ὠνούμενος</em></strong></span> <span class='ocrx_word' id='word_1_68' title='bbox 2134 894 2249 966; x_wconf 77' lang='grc' dir='ltr'><strong><em>διὰ</em></strong></span> 
     </span>
     <span class='ocr_line' id='line_1_9' title="bbox 256 993 2344 1087; baseline 0 -21"><span class='ocrx_word' id='word_1_69' title='bbox 256 997 514 1067; x_wconf 87' lang='grc' dir='ltr'><strong><em>τούτων</em></strong></span> <span class='ocrx_word' id='word_1_70' title='bbox 542 995 665 1085; x_wconf 79' lang='grc' dir='ltr'><strong><em>τὴν</em></strong></span> <span class='ocrx_word' id='word_1_71' title='bbox 694 993 971 1067; x_wconf 78' lang='grc' dir='ltr'><strong><em>εὔνοιαν</em></strong></span> <span class='ocrx_word' id='word_1_72' title='bbox 999 996 1122 1086; x_wconf 79' lang='grc' dir='ltr'><strong><em>τὴν</em></strong></span> <span class='ocrx_word' id='word_1_73' title='bbox 1150 995 1311 1085; x_wconf 86' lang='grc' dir='ltr'><strong><em>παρ’</em></strong></span> <span class='ocrx_word' id='word_1_74' title='bbox 1352 995 1597 1068; x_wconf 74' lang='grc' dir='ltr'><strong><em>αὐτῶν.</em></strong></span> <span class='ocrx_word' id='word_1_75' title='bbox 2331 1081 2344 1087; x_wconf 73' lang='lat'><em>,</em></span> 
     </span>
    </p>

    <p class='ocr_par' dir='ltr' id='par_1_9' title="bbox 187 1095 2441 2626">
     <span class='ocr_line' id='line_1_10' title="bbox 187 1095 2248 1190; baseline 0.003 -26"><span class='ocrx_word' id='word_1_76' title='bbox 187 1111 222 1164; x_wconf 89' lang='lat'><strong>6</strong></span> <span class='ocrx_word' id='word_1_77' title='bbox 409 1095 745 1171; x_wconf 76' lang='grc' dir='ltr'><strong><em>ἀπέλαυσε</em></strong></span> <span class='ocrx_word' id='word_1_78' title='bbox 790 1100 867 1169; x_wconf 69' lang='grc' dir='ltr'><strong><em>δὲ</em></strong></span> <span class='ocrx_word' id='word_1_79' title='bbox 908 1100 1152 1189; x_wconf 80' lang='grc' dir='ltr'><strong><em>ταύτης</em></strong></span> <span class='ocrx_word' id='word_1_80' title='bbox 1192 1108 1309 1188; x_wconf 86' lang='grc' dir='ltr'><strong><em>τῆς</em></strong></span> <span class='ocrx_word' id='word_1_81' title='bbox 1363 1098 1674 1190; x_wconf 77' lang='grc' dir='ltr'><strong><em>εὐτυχίας</em></strong></span> <span class='ocrx_word' id='word_1_82' title='bbox 1713 1096 1820 1170; x_wconf 77' lang='grc' dir='ltr'><strong><em>ἐπ’</em></strong></span> <span class='ocrx_word' id='word_1_83' title='bbox 1867 1106 1978 1188; x_wconf 80' lang='grc' dir='ltr'><strong><em>ἔτη</em></strong></span> <span class='ocrx_word' id='word_1_84' title='bbox 2035 1108 2248 1170; x_wconf 74' lang='grc' dir='ltr'><strong><em>εἴκοσι</em></strong></span> 
     </span>
     <span class='ocr_line' id='line_1_11' title="bbox 257 1201 2345 1294; baseline 0 -21"><span class='ocrx_word' id='word_1_85' title='bbox 257 1205 369 1273; x_wconf 80' lang='grc' dir='ltr'><strong><em>καὶ</em></strong></span> <span class='ocrx_word' id='word_1_86' title='bbox 398 1202 548 1293; x_wconf 88' lang='grc' dir='ltr'><strong><em>δύο,</em></strong></span> <span class='ocrx_word' id='word_1_87' title='bbox 577 1201 793 1294; x_wconf 82' lang='grc' dir='ltr'><strong><em>πατὴρ</em></strong></span> <span class='ocrx_word' id='word_1_88' title='bbox 821 1203 946 1292; x_wconf 73' lang='grc' dir='ltr'><strong><em>μὲν</em></strong></span> <span class='ocrx_word' id='word_1_89' title='bbox 964 1204 1322 1293; x_wconf 85' lang='grc' dir='ltr'><strong><em>γενόμενος</em></strong></span> <span class='ocrx_word' id='word_1_90' title='bbox 1353 1207 1426 1275; x_wconf 82' lang='grc' dir='ltr'><strong><em>ἐκ</em></strong></span> <span class='ocrx_word' id='word_1_91' title='bbox 1451 1211 1606 1293; x_wconf 80' lang='grc' dir='ltr'><strong><em>μιᾶς</em></strong></span> <span class='ocrx_word' id='word_1_92' title='bbox 1633 1202 1954 1292; x_wconf 85' lang='grc' dir='ltr'><strong><em>γυναικὸς</em></strong></span> <span class='ocrx_word' id='word_1_93' title='bbox 1982 1207 2247 1272; x_wconf 79' lang='grc' dir='ltr'><strong><em>παίδων</em></strong></span> <span class='ocrx_word' id='word_1_94' title='bbox 2286 1233 2345 1273; x_wconf 89' lang='grc' dir='ltr'><strong><em>ιο</em></strong></span> 
     </span>
     <span class='ocr_line' id='line_1_12' title="bbox 260 1305 2248 1403; baseline -0.001 -28"><span class='ocrx_word' id='word_1_95' title='bbox 260 1306 455 1403; x_wconf 79' lang='grc' dir='ltr'><strong><em>ἑπτα,</em></strong></span> <span class='ocrx_word' id='word_1_96' title='bbox 502 1307 944 1394; x_wconf 79' lang='grc' dir='ltr'><strong><em>ποιησάμενος</em></strong></span> <span class='ocrx_word' id='word_1_97' title='bbox 984 1306 1060 1375; x_wconf 74' lang='grc' dir='ltr'><strong><em>δὲ</em></strong></span> <span class='ocrx_word' id='word_1_98' title='bbox 1099 1307 1214 1377; x_wconf 83' lang='grc' dir='ltr'><strong><em>καὶ</em></strong></span> <span class='ocrx_word' id='word_1_99' title='bbox 1260 1310 1332 1375; x_wconf 80' lang='grc' dir='ltr'><strong><em>ἐκ</em></strong></span> <span class='ocrx_word' id='word_1_100' title='bbox 1377 1314 1493 1395; x_wconf 83' lang='grc' dir='ltr'><strong><em>τῆς</em></strong></span> <span class='ocrx_word' id='word_1_101' title='bbox 1532 1315 1654 1377; x_wconf 85' lang='grc' dir='ltr'><strong><em>τοῦ</em></strong></span> <span class='ocrx_word' id='word_1_102' title='bbox 1687 1305 1988 1393; x_wconf 75' lang='grc' dir='ltr'><strong><em>ἀδελφοῦ</em></strong></span> <span class='ocrx_word' id='word_1_103' title='bbox 2016 1313 2248 1374; x_wconf 84' lang='grc' dir='ltr'><strong><em>Σολυ-</em></strong></span> 
     </span>
     <span class='ocr_line' id='line_1_13' title="bbox 257 1406 2249 1500; baseline -0.001 -23"><span class='ocrx_word' id='word_1_104' title='bbox 257 1415 418 1497; x_wconf 87' lang='grc' dir='ltr'><strong><em>μίου</em></strong></span> <span class='ocrx_word' id='word_1_105' title='bbox 458 1406 800 1500; x_wconf 84' lang='grc' dir='ltr'><strong><em>θυγατρὸς</em></strong></span> <span class='ocrx_word' id='word_1_106' title='bbox 841 1410 959 1478; x_wconf 78' lang='grc' dir='ltr'><strong><em>ἕνα</em></strong></span> <span class='ocrx_word' id='word_1_107' title='bbox 991 1406 1384 1499; x_wconf 65' lang='grc' dir='ltr'><strong><em>’Υρκανὸν”</em></strong></span> <span class='ocrx_word' id='word_1_108' title='bbox 1346 1438 1574 1498; x_wconf 89' lang='grc' dir='ltr'><strong><em>ονομα.</em></strong></span> <span class='ocrx_word' id='word_1_109' title='bbox 1659 1424 1860 1497; x_wconf 87' lang='grc' dir='ltr'><strong><em>γαμεῖ</em></strong></span> <span class='ocrx_word' id='word_1_110' title='bbox 1888 1409 1963 1478; x_wconf 73' lang='grc' dir='ltr'><strong><em>δὲ</em></strong></span> <span class='ocrx_word' id='word_1_111' title='bbox 1997 1408 2249 1495; x_wconf 87' lang='grc' dir='ltr'><strong><em>ταύτην</em></strong></span> 
     </span>
     <span class='ocr_line' id='line_1_14' title="bbox 261 1508 2245 1604; baseline -0.001 -24"><span class='ocrx_word' id='word_1_112' title='bbox 261 1514 324 1594; x_wconf 80' lang='grc' dir='ltr'><strong><em>ἐξ</em></strong></span> <span class='ocrx_word' id='word_1_113' title='bbox 383 1518 595 1593; x_wconf 82' lang='grc' dir='ltr'><strong><em>αἰτίας</em></strong></span> <span class='ocrx_word' id='word_1_114' title='bbox 645 1512 975 1599; x_wconf 81' lang='grc' dir='ltr'><strong><em>τοιαύτης.</em></strong></span> <span class='ocrx_word' id='word_1_115' title='bbox 1055 1511 1188 1581; x_wconf 80' lang='grc' dir='ltr'><strong><em>σὺν</em></strong></span> <span class='ocrx_word' id='word_1_116' title='bbox 1240 1509 1553 1604; x_wconf 76' lang='grc' dir='ltr'><strong><em>τάδελφῷ</em></strong></span> <span class='ocrx_word' id='word_1_117' title='bbox 1606 1512 1766 1589; x_wconf 75' lang='grc' dir='ltr'><strong><em>ποτὲ</em></strong></span> <span class='ocrx_word' id='word_1_118' title='bbox 1806 1517 1901 1591; x_wconf 84' lang='grc' dir='ltr'><strong><em>εἰς</em></strong></span> <span class='ocrx_word' id='word_1_119' title='bbox 1937 1508 2245 1590; x_wconf 79' lang='grc' dir='ltr'><strong><em>Ἀλεξαν-</em></strong></span> 
     </span>
     <span class='ocr_line' id='line_1_15' title="bbox 259 1609 2344 1702; baseline 0 -20"><span class='ocrx_word' id='word_1_120' title='bbox 259 1619 493 1702; x_wconf 84' lang='grc' dir='ltr'><strong><em>δρειαν</em></strong></span> <span class='ocrx_word' id='word_1_121' title='bbox 521 1612 785 1702; x_wconf 74' lang='grc' dir='ltr'><strong><em>ἐλθών,</em></strong></span> <span class='ocrx_word' id='word_1_122' title='bbox 838 1611 1068 1702; x_wconf 68' lang='grc' dir='ltr'><strong><em>ἄγοντι</em></strong></span> <span class='ocrx_word' id='word_1_123' title='bbox 1113 1615 1227 1684; x_wconf 84' lang='grc' dir='ltr'><strong><em>καὶ</em></strong></span> <span class='ocrx_word' id='word_1_124' title='bbox 1269 1612 1391 1702; x_wconf 88' lang='grc' dir='ltr'><strong><em>τὴν</em></strong></span> <span class='ocrx_word' id='word_1_125' title='bbox 1423 1616 1769 1701; x_wconf 79' lang='grc' dir='ltr'><strong><em>θυγατέρα</em></strong></span> <span class='ocrx_word' id='word_1_126' title='bbox 1797 1612 2029 1700; x_wconf 77' lang='grc' dir='ltr'><strong><em>γάμων</em></strong></span> <span class='ocrx_word' id='word_1_127' title='bbox 2061 1609 2251 1700; x_wconf 77' lang='grc' dir='ltr'><strong><em>ὤραν</em></strong></span> <span class='ocrx_word' id='word_1_128' title='bbox 2332 1662 2344 1683; x_wconf 87' lang='grc'><strong><em>.</em></strong></span> 
     </span>
     <span class='ocr_line' id='line_1_16' title="bbox 258 1710 2352 1805; baseline 0 -20"><span class='ocrx_word' id='word_1_129' title='bbox 258 1713 596 1804; x_wconf 80' lang='grc' dir='ltr'><strong><em>ἔχουσαν</em></strong></span> <span class='ocrx_word' id='word_1_130' title='bbox 571 1713 750 1797; x_wconf 87' lang='grc' dir='ltr'><strong><em>όπως</em></strong></span> <span class='ocrx_word' id='word_1_131' title='bbox 777 1713 991 1805; x_wconf 80' lang='grc' dir='ltr'><strong><em>αὐτὴν</em></strong></span> <span class='ocrx_word' id='word_1_132' title='bbox 1019 1723 1373 1805; x_wconf 80' lang='grc' dir='ltr'><strong><em>συνοικίσῃ</em></strong></span> <span class='ocrx_word' id='word_1_133' title='bbox 1410 1718 1544 1786; x_wconf 87' lang='grc' dir='ltr'><strong><em>τινὶ</em></strong></span> <span class='ocrx_word' id='word_1_134' title='bbox 1574 1722 1711 1785; x_wconf 73' lang='grc' dir='ltr'><strong><em>τῶν</em></strong></span> <span class='ocrx_word' id='word_1_135' title='bbox 1740 1711 1845 1784; x_wconf 80' lang='grc' dir='ltr'><strong><em>ἐπ’</em></strong></span> <span class='ocrx_word' id='word_1_136' title='bbox 1878 1710 2247 1801; x_wconf 77' lang='grc' dir='ltr'><strong><em>ἄξιωματος</em></strong></span> <span class='ocrx_word' id='word_1_137' title='bbox 2292 1745 2352 1786; x_wconf 76' lang='lat'><strong><em>15</em></strong></span> 
     </span>
     <span class='ocr_line' id='line_1_17' title="bbox 249 1804 2441 1911; baseline -0.001 -23.991"><span class='ocrx_word' id='word_1_138' title='bbox 249 1816 632 1907; x_wconf 81' lang='grc' dir='ltr'><strong><em>Ἰουδαίων,</em></strong></span> <span class='ocrx_word' id='word_1_139' title='bbox 673 1821 786 1889; x_wconf 85' lang='grc' dir='ltr'><strong><em>καὶ</em></strong></span> <span class='ocrx_word' id='word_1_140' title='bbox 826 1822 1124 1889; x_wconf 76' lang='grc' dir='ltr'><strong><em>δειπνῶν</em></strong></span> <span class='ocrx_word' id='word_1_141' title='bbox 1158 1845 1342 1908; x_wconf 91' lang='grc' dir='ltr'><strong><em>παρα</em></strong></span> <span class='ocrx_word' id='word_1_142' title='bbox 1369 1825 1461 1911; x_wconf 78' lang='grc' dir='ltr'><strong><em>τῷ</em></strong></span> <span class='ocrx_word' id='word_1_143' title='bbox 1490 1826 1785 1907; x_wconf 85' lang='grc' dir='ltr'><strong><em>βασιλεῖ,</em></strong></span> <span class='ocrx_word' id='word_1_144' title='bbox 1814 1814 2254 1908; x_wconf 76' lang='grc' dir='ltr'><strong><em>ὀρχηστρίδος</em></strong></span> <span class='ocrx_word' id='word_1_145' title='bbox 2428 1804 2441 1819; x_wconf 51' lang='lat'>⁸</span> 
     </span>
     <span class='ocr_line' id='line_1_18' title="bbox 261 1910 2254 2013; baseline -0.001 -22"><span class='ocrx_word' id='word_1_146' title='bbox 261 1921 697 2011; x_wconf 80' lang='grc' dir='ltr'><strong><em>εἰσελθούσης</em></strong></span> <span class='ocrx_word' id='word_1_147' title='bbox 731 1929 822 2004; x_wconf 83' lang='grc' dir='ltr'><strong><em>εἰς</em></strong></span> <span class='ocrx_word' id='word_1_148' title='bbox 866 1919 939 1991; x_wconf 85' lang='grc' dir='ltr'><strong><em>τὸ</em></strong></span> <span class='ocrx_word' id='word_1_149' title='bbox 979 1920 1353 2011; x_wconf 87' lang='grc' dir='ltr'><strong><em>συμπόσιον</em></strong></span> <span class='ocrx_word' id='word_1_150' title='bbox 1396 1918 1776 2010; x_wconf 77' lang='grc' dir='ltr'><strong><em>εὐπρεποῦς</em></strong></span> <span class='ocrx_word' id='word_1_151' title='bbox 1815 1910 2130 2010; x_wconf 82' lang='grc' dir='ltr'><strong><em>ἐρασθεὶς</em></strong></span> <span class='ocrx_word' id='word_1_152' title='bbox 2156 1926 2254 2013; x_wconf 75' lang='grc' dir='ltr'><strong><em>τῷ</em></strong></span> 
     </span>
     <span class='ocr_line' id='line_1_19' title="bbox 265 2020 2254 2118; baseline -0.001 -24"><span class='ocrx_word' id='word_1_153' title='bbox 265 2021 538 2118; x_wconf 76' lang='grc' dir='ltr'><strong><em>ἀδελφῷ</em></strong></span> <span class='ocrx_word' id='word_1_154' title='bbox 591 2032 790 2094; x_wconf 85' lang='grc' dir='ltr'><strong><em>τοῦτο</em></strong></span> <span class='ocrx_word' id='word_1_155' title='bbox 842 2025 1114 2113; x_wconf 81' lang='grc' dir='ltr'><strong><em>μηνύει,</em></strong></span> <span class='ocrx_word' id='word_1_156' title='bbox 1172 2032 1584 2112; x_wconf 76' lang='grc' dir='ltr'><strong><em>παρακαλῶν</em></strong></span> <span class='ocrx_word' id='word_1_157' title='bbox 1636 2020 1885 2111; x_wconf 78' lang='grc' dir='ltr'><strong><em>αὐτόν,</em></strong></span> <span class='ocrx_word' id='word_1_158' title='bbox 1943 2026 2088 2096; x_wconf 84' lang='grc' dir='ltr'><strong><em>ἐπεὶ</em></strong></span> <span class='ocrx_word' id='word_1_159' title='bbox 2137 2025 2254 2093; x_wconf 85' lang='grc' dir='ltr'><strong><em>καὶ</em></strong></span> 
     </span>
     <span class='ocr_line' id='line_1_20' title="bbox 262 2125 2253 2222; baseline -0.001 -25"><span class='ocrx_word' id='word_1_160' title='bbox 262 2126 445 2222; x_wconf 77' lang='grc' dir='ltr'><strong><em>νόμῳ</em></strong></span> <span class='ocrx_word' id='word_1_161' title='bbox 485 2128 859 2198; x_wconf 71' lang='grc' dir='ltr'><strong><em>κεκώλυται</em></strong></span> <span class='ocrx_word' id='word_1_162' title='bbox 900 2125 1078 2216; x_wconf 81' lang='grc' dir='ltr'><strong><em>παρὰ</em></strong></span> <span class='ocrx_word' id='word_1_163' title='bbox 1120 2144 1257 2210; x_wconf 92' lang='grc' dir='ltr'><strong><em>τοῖς</em></strong></span> <span class='ocrx_word' id='word_1_164' title='bbox 1287 2125 1635 2209; x_wconf 87' lang='grc' dir='ltr'><strong><em>Ἰουδαίοις</em></strong></span> <span class='ocrx_word' id='word_1_165' title='bbox 1665 2125 2038 2220; x_wconf 70' lang='grc' dir='ltr'><strong><em>Δἀλλοφύλῳ</em></strong></span> <span class='ocrx_word' id='word_1_166' title='bbox 2078 2134 2253 2215; x_wconf 90' lang='grc' dir='ltr'><strong><em>πλη-</em></strong></span> 
     </span>
     <span class='ocr_line' id='line_1_21' title="bbox 263 2226 2348 2320; baseline -0 -21"><span class='ocrx_word' id='word_1_167' title='bbox 263 2231 510 2314; x_wconf 79' lang='grc' dir='ltr'><strong><em>σιάζειν</em></strong></span> <span class='ocrx_word' id='word_1_168' title='bbox 539 2237 846 2317; x_wconf 85' lang='grc' dir='ltr'><strong><em>γυναικί,</em></strong></span> <span class='ocrx_word' id='word_1_169' title='bbox 895 2230 1380 2320; x_wconf 82' lang='grc' dir='ltr'><strong><em>συγκρύψαντα</em></strong></span> <span class='ocrx_word' id='word_1_170' title='bbox 1421 2229 1496 2300; x_wconf 87' lang='grc' dir='ltr'><strong><em>τὸ</em></strong></span> <span class='ocrx_word' id='word_1_171' title='bbox 1545 2227 1895 2319; x_wconf 78' lang='grc' dir='ltr'><strong><em>ἁμάρτημα</em></strong></span> <span class='ocrx_word' id='word_1_172' title='bbox 1944 2232 2057 2299; x_wconf 84' lang='grc' dir='ltr'><strong><em>καὶ</em></strong></span> <span class='ocrx_word' id='word_1_173' title='bbox 2099 2226 2252 2299; x_wconf 76' lang='grc' dir='ltr'><strong><em>διά·</em></strong></span> <span class='ocrx_word' id='word_1_174' title='bbox 2285 2258 2348 2298; x_wconf 81' lang='lat'><strong><em>20</em></strong></span> 
     </span>
     <span class='ocr_line' id='line_1_22' title="bbox 263 2328 2273 2423; baseline 0 -24"><span class='ocrx_word' id='word_1_175' title='bbox 263 2359 467 2400; x_wconf 86' lang='grc' dir='ltr'><strong><em>κονον</em></strong></span> <span class='ocrx_word' id='word_1_176' title='bbox 510 2329 776 2418; x_wconf 81' lang='grc' dir='ltr'><strong><em>ἀγαθὰν</em></strong></span> <span class='ocrx_word' id='word_1_177' title='bbox 817 2332 1184 2418; x_wconf 85' lang='grc' dir='ltr'><strong><em>γενόμενον</em></strong></span> <span class='ocrx_word' id='word_1_178' title='bbox 1230 2346 1597 2420; x_wconf 80' lang='grc' dir='ltr'><strong><em>παρασχεῖν</em></strong></span> <span class='ocrx_word' id='word_1_179' title='bbox 1638 2330 1820 2423; x_wconf 77' lang='grc' dir='ltr'><strong><em>αύτῷ</em></strong></span> <span class='ocrx_word' id='word_1_180' title='bbox 1866 2328 2033 2402; x_wconf 72' lang='grc' dir='ltr'><strong><em>ὥστε</em></strong></span> <span class='ocrx_word' id='word_1_181' title='bbox 2081 2340 2273 2421; x_wconf 52' lang='grc' dir='ltr'><strong><em>πλη-ν</em></strong></span> 
     </span>
     <span class='ocr_line' id='line_1_23' title="bbox 263 2430 2255 2524; baseline 0.002 -24"><span class='ocrx_word' id='word_1_182' title='bbox 263 2439 474 2520; x_wconf 75' lang='grc' dir='ltr'><strong><em>ρῶσαι</em></strong></span> <span class='ocrx_word' id='word_1_183' title='bbox 504 2431 628 2521; x_wconf 83' lang='grc' dir='ltr'><strong><em>τὴν</em></strong></span> <span class='ocrx_word' id='word_1_184' title='bbox 654 2434 1047 2520; x_wconf 77' lang='grc' dir='ltr'><strong><em>ἐπιθυμίαν.</em></strong></span> <span class='ocrx_word' id='word_1_185' title='bbox 1119 2430 1156 2503; x_wconf 86' lang='grc' dir='ltr'>ὁ</span> <span class='ocrx_word' id='word_1_186' title='bbox 1196 2434 1272 2503; x_wconf 72' lang='grc' dir='ltr'><strong><em>δὲ</em></strong></span> <span class='ocrx_word' id='word_1_187' title='bbox 1310 2432 1602 2522; x_wconf 80' lang='grc' dir='ltr'><strong><em>ἀδελφὸς</em></strong></span> <span class='ocrx_word' id='word_1_188' title='bbox 1641 2432 1944 2524; x_wconf 80' lang='grc' dir='ltr'><strong><em>ἀσμένως</em></strong></span> <span class='ocrx_word' id='word_1_189' title='bbox 1974 2434 2255 2522; x_wconf 78' lang='grc' dir='ltr'><strong><em>δεξάμε-</em></strong></span> 
     </span>
     <span class='ocr_line' id='line_1_24' title="bbox 264 2532 2254 2626; baseline 0.001 -23"><span class='ocrx_word' id='word_1_190' title='bbox 264 2561 379 2617; x_wconf 83' lang='grc' dir='ltr'><strong><em>νος</em></strong></span> <span class='ocrx_word' id='word_1_191' title='bbox 406 2532 530 2622; x_wconf 88' lang='grc' dir='ltr'><strong><em>τὴν</em></strong></span> <span class='ocrx_word' id='word_1_192' title='bbox 557 2540 938 2622; x_wconf 87' lang='grc' dir='ltr'><strong><em>διακονίαν,</em></strong></span> <span class='ocrx_word' id='word_1_193' title='bbox 980 2532 1316 2623; x_wconf 86' lang='grc' dir='ltr'><strong><em>κοσμήσας</em></strong></span> <span class='ocrx_word' id='word_1_194' title='bbox 1355 2534 1482 2624; x_wconf 83' lang='grc' dir='ltr'><strong><em>τὴν</em></strong></span> <span class='ocrx_word' id='word_1_195' title='bbox 1511 2534 1723 2607; x_wconf 80' lang='grc' dir='ltr'><strong><em>αὑτοῦ</em></strong></span> <span class='ocrx_word' id='word_1_196' title='bbox 1752 2540 2097 2626; x_wconf 81' lang='grc' dir='ltr'><strong><em>θυγατέρα</em></strong></span> <span class='ocrx_word' id='word_1_197' title='bbox 2125 2565 2254 2606; x_wconf 83' lang='grc' dir='ltr'><strong><em>νυ-</em></strong></span> 
     </span>
    </p>

    <p class='ocr_par' dir='ltr' id='par_1_10' title="bbox 198 2633 2349 2934">
     <span class='ocr_line' id='line_1_25' title="bbox 198 2633 2254 2729; baseline 0.001 -22"><span class='ocrx_word' id='word_1_198' title='bbox 198 2675 211 2686; x_wconf 83' lang='grc'><em>·</em></span> <span class='ocrx_word' id='word_1_199' title='bbox 264 2636 415 2719; x_wconf 82' lang='grc' dir='ltr'><strong><em>κτὸς</em></strong></span> <span class='ocrx_word' id='word_1_200' title='bbox 441 2634 651 2727; x_wconf 79' lang='grc' dir='ltr'><strong><em>ἤγαγε</em></strong></span> <span class='ocrx_word' id='word_1_201' title='bbox 677 2635 844 2724; x_wconf 87' lang='grc' dir='ltr'><strong><em>πρὸς</em></strong></span> <span class='ocrx_word' id='word_1_202' title='bbox 875 2633 1084 2707; x_wconf 79' lang='grc' dir='ltr'><strong><em>αὐτὸν</em></strong></span> <span class='ocrx_word' id='word_1_203' title='bbox 1111 2641 1225 2707; x_wconf 87' lang='grc' dir='ltr'><strong><em>καὶ</em></strong></span> <span class='ocrx_word' id='word_1_204' title='bbox 1253 2647 1887 2729; x_wconf 86' lang='grc' dir='ltr'><strong><em>συγκατεκοίμησεν.</em></strong></span> <span class='ocrx_word' id='word_1_205' title='bbox 1950 2636 1990 2708; x_wconf 77' lang='grc' dir='ltr'>ὃ</span> <span class='ocrx_word' id='word_1_206' title='bbox 2016 2639 2093 2709; x_wconf 76' lang='grc' dir='ltr'><strong><em>δὲ</em></strong></span> <span class='ocrx_word' id='word_1_207' title='bbox 2118 2635 2254 2710; x_wconf 80' lang='grc' dir='ltr'><strong><em>ὑπὸ</em></strong></span> 
     </span>
     <span class='ocr_line' id='line_1_26' title="bbox 266 2736 2349 2833; baseline 0.002 -21"><span class='ocrx_word' id='word_1_208' title='bbox 266 2744 478 2832; x_wconf 84' lang='grc' dir='ltr'><strong><em>μέθης</em></strong></span> <span class='ocrx_word' id='word_1_209' title='bbox 508 2736 838 2830; x_wconf 78' lang='grc' dir='ltr'><strong><em>ἀγνοήσας</em></strong></span> <span class='ocrx_word' id='word_1_210' title='bbox 866 2738 940 2811; x_wconf 86' lang='grc' dir='ltr'><strong><em>τὸ</em></strong></span> <span class='ocrx_word' id='word_1_211' title='bbox 970 2737 1218 2830; x_wconf 73' lang='grc' dir='ltr'><strong><em>ἀληθὲς</em></strong></span> <span class='ocrx_word' id='word_1_212' title='bbox 1259 2745 1649 2831; x_wconf 80' lang='grc' dir='ltr'><strong><em>συνέρχεται</em></strong></span> <span class='ocrx_word' id='word_1_213' title='bbox 1685 2751 1767 2833; x_wconf 84' lang='grc' dir='ltr'><strong><em>τῇ</em></strong></span> <span class='ocrx_word' id='word_1_214' title='bbox 1799 2750 1919 2813; x_wconf 85' lang='grc' dir='ltr'><strong><em>τοῦ</em></strong></span> <span class='ocrx_word' id='word_1_215' title='bbox 1947 2738 2251 2830; x_wconf 78' lang='grc' dir='ltr'><strong><em>ἀδελφοῦ</em></strong></span> <span class='ocrx_word' id='word_1_216' title='bbox 2288 2775 2349 2817; x_wconf 76' lang='lat'><strong><em>25</em></strong></span> 
     </span>
     <span class='ocr_line' id='line_1_27' title="bbox 266 2843 2255 2934; baseline 0.002 -20"><span class='ocrx_word' id='word_1_217' title='bbox 266 2853 600 2934; x_wconf 90' lang='grc' dir='ltr'><strong><em>θυγατρί,</em></strong></span> <span class='ocrx_word' id='word_1_218' title='bbox 630 2846 742 2914; x_wconf 87' lang='grc' dir='ltr'><strong><em>καὶ</em></strong></span> <span class='ocrx_word' id='word_1_219' title='bbox 769 2843 1012 2914; x_wconf 86' lang='grc' dir='ltr'><strong><em>τούτου</em></strong></span> <span class='ocrx_word' id='word_1_220' title='bbox 1041 2847 1411 2933; x_wconf 84' lang='grc' dir='ltr'><strong><em>γενομένου</em></strong></span> <span class='ocrx_word' id='word_1_221' title='bbox 1439 2846 1755 2926; x_wconf 77' lang='grc' dir='ltr'><strong><em>πολλάκις</em></strong></span> <span class='ocrx_word' id='word_1_222' title='bbox 1782 2843 2048 2934; x_wconf 76' lang='grc' dir='ltr'><strong><em>ἠράσθη</em></strong></span> <span class='ocrx_word' id='word_1_223' title='bbox 2077 2866 2255 2934; x_wconf 80' lang='grc' dir='ltr'><strong><em>σφο-</em></strong></span> 
     </span>
    </p>

    <p class='ocr_par' dir='ltr' id='par_1_11' title="bbox 210 2945 2351 3550">
     <span class='ocr_line' id='line_1_28' title="bbox 210 2945 2257 3039; baseline 0.001 -22"><span class='ocrx_word' id='word_1_224' title='bbox 210 2985 221 2996; x_wconf 53' lang='grc'><em>’</em></span> <span class='ocrx_word' id='word_1_225' title='bbox 269 2946 608 3039; x_wconf 89' lang='grc' dir='ltr'><strong><em>δρότερον.</em></strong></span> <span class='ocrx_word' id='word_1_226' title='bbox 671 2955 800 3035; x_wconf 81' lang='grc' dir='ltr'><strong><em>ἔφη</em></strong></span> <span class='ocrx_word' id='word_1_227' title='bbox 830 2949 904 3017; x_wconf 78' lang='grc' dir='ltr'><strong><em>δὲ</em></strong></span> <span class='ocrx_word' id='word_1_228' title='bbox 934 2948 1046 3017; x_wconf 85' lang='grc' dir='ltr'><strong><em>καὶ</em></strong></span> <span class='ocrx_word' id='word_1_229' title='bbox 1077 2947 1242 3038; x_wconf 88' lang='grc' dir='ltr'><strong><em>πρὸς</em></strong></span> <span class='ocrx_word' id='word_1_230' title='bbox 1270 2945 1385 3017; x_wconf 89' lang='grc' dir='ltr'><strong><em>τὸν</em></strong></span> <span class='ocrx_word' id='word_1_231' title='bbox 1413 2945 1714 3038; x_wconf 76' lang='grc' dir='ltr'><strong><em>ἀδελφὸν</em></strong></span> <span class='ocrx_word' id='word_1_232' title='bbox 1743 2945 1833 3030; x_wconf 75' lang='grc' dir='ltr'><strong><em>ὥς</em></strong></span> <span class='ocrx_word' id='word_1_233' title='bbox 1859 2947 2257 3019; x_wconf 84' lang='grc' dir='ltr'><strong><em>κινδυνεύοι</em></strong></span> 
     </span>
     <span class='ocr_line' id='line_1_29' title="bbox 268 3042 2256 3144; baseline 0.001 -26"><span class='ocrx_word' id='word_1_234' title='bbox 268 3049 341 3118; x_wconf 87' lang='grc' dir='ltr'><strong><em>τὸ</em></strong></span> <span class='ocrx_word' id='word_1_235' title='bbox 395 3058 512 3139; x_wconf 81' lang='grc' dir='ltr'><strong><em>ζῆν</em></strong></span> <span class='ocrx_word' id='word_1_236' title='bbox 565 3055 740 3139; x_wconf 75' lang='grc' dir='ltr'><strong><em>ἐρῶν</em></strong></span> <span class='ocrx_word' id='word_1_237' title='bbox 778 3056 892 3138; x_wconf 77' lang='grc' dir='ltr'><strong><em>τῆς</em></strong></span> <span class='ocrx_word' id='word_1_238' title='bbox 935 3046 1400 3138; x_wconf 85' lang='grc' dir='ltr'><strong><em>ὀρχηστρίδος,</em></strong></span> <span class='ocrx_word' id='word_1_239' title='bbox 1445 3042 1546 3138; x_wconf 80' lang='grc' dir='ltr'><strong><em>ἧς.</em></strong></span> <span class='ocrx_word' id='word_1_240' title='bbox 1573 3062 1732 3132; x_wconf 78' lang='grc' dir='ltr'><strong><em>ἴσως</em></strong></span> <span class='ocrx_word' id='word_1_241' title='bbox 1772 3047 1899 3121; x_wconf 83' lang='grc' dir='ltr'><strong><em>οὐκ</em></strong></span> <span class='ocrx_word' id='word_1_242' title='bbox 1942 3047 2028 3122; x_wconf 72' lang='grc' dir='ltr'><strong><em>ἂν</em></strong></span> <span class='ocrx_word' id='word_1_243' title='bbox 2067 3048 2256 3144; x_wconf 76' lang='grc' dir='ltr'><strong><em>αὐτῷ</em></strong></span> 
     </span>
     <span class='ocr_line' id='line_1_30' title="bbox 266 3151 2258 3243; baseline 0.003 -25"><span class='ocrx_word' id='word_1_244' title='bbox 266 3153 777 3241; x_wconf 83' lang='grc' dir='ltr'><strong><em>παραχωρήσειν</em></strong></span> <span class='ocrx_word' id='word_1_245' title='bbox 834 3151 953 3222; x_wconf 89' lang='grc' dir='ltr'><strong><em>τὸν</em></strong></span> <span class='ocrx_word' id='word_1_246' title='bbox 1007 3154 1302 3240; x_wconf 79' lang='grc' dir='ltr'><strong><em>βασιλέα.</em></strong></span> <span class='ocrx_word' id='word_1_247' title='bbox 1384 3161 1503 3222; x_wconf 88' lang='grc' dir='ltr'><strong><em>τοῦ</em></strong></span> <span class='ocrx_word' id='word_1_248' title='bbox 1564 3154 1639 3224; x_wconf 70' lang='grc' dir='ltr'><strong><em>δὲ</em></strong></span> <span class='ocrx_word' id='word_1_249' title='bbox 1691 3151 1995 3241; x_wconf 78' lang='grc' dir='ltr'><strong><em>ἀδελφοῦ</em></strong></span> <span class='ocrx_word' id='word_1_250' title='bbox 2029 3154 2258 3243; x_wconf 68' lang='grc' dir='ltr'><strong><em>μηδὲν</em></strong></span> 
     </span>
     <span class='ocr_line' id='line_1_31' title="bbox 271 3247 2351 3347; baseline 0.004 -29"><span class='ocrx_word' id='word_1_251' title='bbox 271 3248 569 3335; x_wconf 77' lang='grc' dir='ltr'><strong><em>ἀγωνιᾶν</em></strong></span> <span class='ocrx_word' id='word_1_252' title='bbox 626 3262 1208 3343; x_wconf 85' lang='grc' dir='ltr'><strong><em>παρακαλοῦντος,</em></strong></span> <span class='ocrx_word' id='word_1_253' title='bbox 1265 3254 1633 3327; x_wconf 86' lang='grc' dir='ltr'><strong><em>απολαύειν</em></strong></span> <span class='ocrx_word' id='word_1_254' title='bbox 1677 3254 1742 3326; x_wconf 87' lang='grc' dir='ltr'><strong><em>δ’</em></strong></span> <span class='ocrx_word' id='word_1_255' title='bbox 1808 3247 1887 3345; x_wconf 84' lang='grc' dir='ltr'><strong><em>ἦς</em></strong></span> <span class='ocrx_word' id='word_1_256' title='bbox 1938 3260 2059 3347; x_wconf 81' lang='grc' dir='ltr'><strong><em>ἐρᾷ</em></strong></span> <span class='ocrx_word' id='word_1_257' title='bbox 2099 3254 2249 3345; x_wconf 81' lang='grc' dir='ltr'><strong><em>μετ’</em></strong></span> <span class='ocrx_word' id='word_1_258' title='bbox 2292 3286 2351 3327; x_wconf 73' lang='grc' dir='ltr'><strong><em>τω</em></strong></span> 
     </span>
     <span class='ocr_line' id='line_1_32' title="bbox 272 3348 2262 3448; baseline 0.006 -30"><span class='ocrx_word' id='word_1_259' title='bbox 272 3348 499 3426; x_wconf 82' lang='grc' dir='ltr'><strong><em>αδείας</em></strong></span> <span class='ocrx_word' id='word_1_260' title='bbox 530 3356 641 3419; x_wconf 87' lang='grc' dir='ltr'><strong><em>καὶ</em></strong></span> <span class='ocrx_word' id='word_1_261' title='bbox 668 3372 956 3438; x_wconf 87' lang='grc' dir='ltr'><strong><em>γυναῖκα</em></strong></span> <span class='ocrx_word' id='word_1_262' title='bbox 987 3364 1165 3443; x_wconf 82' lang='grc' dir='ltr'><strong><em>ἔχειν</em></strong></span> <span class='ocrx_word' id='word_1_263' title='bbox 1192 3356 1408 3447; x_wconf 79' lang='grc' dir='ltr'><strong><em>αὐτὴν</em></strong></span> <span class='ocrx_word' id='word_1_264' title='bbox 1435 3358 1792 3447; x_wconf 84' lang='grc' dir='ltr'><strong><em>φήσαντος,</em></strong></span> <span class='ocrx_word' id='word_1_265' title='bbox 1827 3361 1940 3429; x_wconf 82' lang='grc' dir='ltr'><strong><em>καὶ</em></strong></span> <span class='ocrx_word' id='word_1_266' title='bbox 1968 3358 2262 3448; x_wconf 69' lang='grc' dir='ltr'><strong><em>ταληθὲς</em></strong></span> 
     </span>
     <span class='ocr_line' id='line_1_33' title="bbox 274 3451 2260 3550; baseline 0.008 -32"><span class='ocrx_word' id='word_1_267' title='bbox 274 3474 456 3536; x_wconf 75' lang='lat' dir='ltr'><em>aevvm</em></span> <span class='ocrx_word' id='word_1_268' title='bbox 486 3451 785 3537; x_wconf 74' lang='grc' dir='ltr'><strong><em>ᾡανερόν</em></strong></span> <span class='ocrx_word' id='word_1_269' title='bbox 812 3458 1244 3547; x_wconf 82' lang='grc' dir='ltr'><strong><em>ποιήσαντος,</em></strong></span> <span class='ocrx_word' id='word_1_270' title='bbox 1278 3488 1366 3543; x_wconf 89' lang='grc' dir='ltr'><strong><em>ως</em></strong></span> <span class='ocrx_word' id='word_1_271' title='bbox 1395 3464 1610 3544; x_wconf 79' lang='grc' dir='ltr'><strong><em>ἕλοιτο</em></strong></span> <span class='ocrx_word' id='word_1_272' title='bbox 1637 3469 1891 3550; x_wconf 79' lang='grc' dir='ltr'><strong><em>μᾶλλον</em></strong></span> <span class='ocrx_word' id='word_1_273' title='bbox 1918 3460 2043 3550; x_wconf 80' lang='grc' dir='ltr'><strong><em>τὴν</em></strong></span> <span class='ocrx_word' id='word_1_274' title='bbox 2071 3468 2260 3533; x_wconf 82' lang='grc' dir='ltr'><strong><em>ἰδίαν</em></strong></span> 
     </span>
    </p>
   </div>
  </div>
 </body>
</html>
