2500 3882
729 122 1322 223 ΤΕΣΣΑΡΕΣΚΑῙ
1320 126 1548 187 ΔΕΚΑ
1552 129 1672 188 ΤΗ
2058 125 2183 189 249.

200 400 418 489 μηδὲν
458 395 670 468 αὐτὸν
703 399 859 486 περὶ
905 397 1025 469 τὸν
1057 396 1495 486 Ἀντιπάτρου
1537 407 1996 490 κακουργῆσαι
2047 402 2184 472 θά-

200 529 434 585 νατον,
461 501 682 589 τάφον
709 500 784 570 δὲ
812 500 1194 595 έκόσμειτῷ
1225 509 1446 589 πατρί.
1492 505 1621 573 καὶ
1646 504 2185 593 παραγενόμενος

192 601 500 691 Ἡρώδης
530 609 624 683 εἰς
656 602 1046 691 Σαμάρειαν
1072 607 1186 674 καὶ
1210 605 1607 694 καταλαβών
1632 603 1845 695 αὐτὴν
1881 634 2184 677 κεκακω-

146 727 175 765 ⁵
210 709 418 794 μένην
462 703 784 776 ἀνεκτᾶτο
812 709 926 777 καὶ
960 705 1041 776 τὰ
1079 714 1268 797 νείκη
1309 711 1574 780 διέλυσε
1596 725 1737 790 τοῖς
1771 708 2181 796 ἀνθρώποις.

209 805 355 897 μετ’
386 805 467 878 ού
490 805 669 879 πολὺ
695 810 793 895 δέ,
823 810 1140 900 ἐνστάσης
1175 818 1294 899 τῆς
1334 814 1410 881 ἐν
1428 806 1915 901 Ἱεροσολύμοις
1928 814 2185 900 ἑορτῆς,
2219 833 2256 886 5

210 917 649 999 παραγίνεται
688 910 819 982 σὺν
853 927 991 994 τοῖς
1023 912 1459 1003 ,στρατιώταις
1506 921 1600 995 είς
1636 913 1781 1002 τὴν
1797 915 2028 1000 πόλιν,
2073 916 2187 983 καὶ
2214 930 2245 971 -“

212 1019 438 1095 δείσας
462 1015 765 1101 Μάλιχος
807 1021 1070 1086 ἔπεισεν
1100 1013 1428 1103 Ὑρκανὸν
1465 1016 1556 1111 μὴ
1594 1019 1973 1106 ἐπιτρέπειν
2003 1013 2187 1110 αύτῷ

214 1117 508 1187 εἰσιέναι.
589 1120 699 1186 καὶ
742 1127 1049 1189 πείθεται
1090 1116 1576 1208 μὲνὛρκανός,
1621 1122 2070 1209 προβέβληται
2112 1114 2181 1189 δ’

125 1252 178 1294 ιο
211 1226 434 1290 αἰτίαν
459 1225 577 1308 τῆς
618 1215 1105 1303 ἀποκωλύσεως
1138 1219 1213 1292 τό
1261 1220 1351 1310 μὴ
1394 1228 1542 1291 δεῖν
1564 1218 1781 1317 ζόχλον
1807 1216 2188 1291 ἀλλοδαπὸν

205 1319 1059 1420 ἁγνεύοντοςρίσδέχεσθαι
1088 1330 1210 1395 τοῦ
1236 1320 1566 1412 πλήθους.
1612 1321 1842 1417 ὀλίγον
1868 1323 1945 1394 δὲ
1972 1349 2190 1412 φρον-

204 1434 399 1506 τίσας
431 1421 732 1514 Ἡρώδης
770 1432 910 1495 τών
938 1424 1242 1515 ἀγγέλων
1287 1425 1555 1514 νύκτωρ
1598 1437 1877 1497 εἴσεισιν
1916 1433 2010 1506 εἰς
2065 1423 2190 1513 τὴν

211 1527 435 1614 πόλιν,
462 1530 577 1597 καὶ
606 1526 895 1617 φοβερὰς
920 1529 1044 1616 μὲν
1077 1520 1168 1619 ἦν
1190 1536 1283 1622 τῷ
1299 1537 1607 1621 Μαλίχῳ,
1637 1525 1678 1599 ὃ
1704 1525 1770 1600 δ’
1807 1526 1934 1599 ούκ
1963 1525 2190 1616 ἀνίησι

202 291 328 383 τήν
359 300 679 383 Μαλίχου
704 260 1174 384 προσδέχεται,
1223 268 1338 366 καὶ
1378 298 1721 389 πιστεύειν
1751 294 2185 384 ὑποκρίνεται

211 1634 345 1719 τὴν
369 1626 747 1719 ὑπόκρισιν,
786 1629 932 1719 ἀλλ’
967 1632 1254 1722 ἐδάκρυε
1292 1630 1412 1702 τὸν
1432 1629 1864 1722 Ἀντίπατρον
1888 1633 2002 1702 καὶ
2029 1628 2189 1702 ἀνε-

129 1764 176 1805 ιτ
195 1743 482 1804 ’καλεῖτο
507 1741 818 1824 φανερῶς
846 1729 935 1816 ὥς
962 1742 1177 1822 φίλος,
1204 1734 1439 1824 κρύφα
1465 1735 1541 1806 δὲ
1564 1734 1882 1824 φυλακὴν
1905 1741 2025 1806 τοῦ
2051 1732 2189 1803 σώ-

210 1864 418 1926 ματος
471 1840 775 1907 ἐποιεῖτο.
862 1842 1047 1921 ἔδοξε
1098 1837 1173 1908 δὲ
1222 1840 1339 1908 καὶ
1390 1853 1526 1919 τοῖς
1567 1839 1721 1924 περὶ
1748 1835 2056 1927 Ἡρώδην
2097 1835 2191 1926 μὴ

216 1937 607 2028 ἀπελέγχειν
648 1936 860 2011 αὑτοῦ
899 1940 1022 2030 τὴν
1064 1948 1539 2031 προσποίησιν,
1570 1938 1746 2012 ’ἀλλὰ
1781 1944 1896 2012 καὶ
1942 1936 2191 2020 αὑτοὺς

218 2050 312 2124 εἰς
350 2042 426 2113 τό
484 2041 873 2114 ἀνύποπτον
909 2042 1633 2132 ἀντιφιλοφρονεῖσθαι
1685 2042 1805 2113 τὸν
1856 2043 2188 2130 Μάλιχον.

214 2152 493 2239 Κασσίῳ
519 2148 744 2235 μέντοι
772 2149 926 2235 περὶ
964 2154 1081 2236 τῆς
1117 2153 1427 2234 τελευτῆς
1465 2152 1589 2215 τοῦ
1626 2144 1872 2233 πατρὸς
1891 2142 2187 2236 Ἡρώδης
2218 2160 2258 2216 6

129 2265 185 2306 ²⁰
224 2253 575 2320 ἐπέστειλε.
654 2246 961 2330 κάκεῖνος
999 2246 1194 2331 εἰδώς
1231 2245 1371 2329 οἷος
1401 2259 1501 2337 εἴη
1542 2246 1662 2319 τὸν
1687 2247 1939 2336 τρόπον
1964 2246 2194 2317 Μάλι-

37 2351 40 2376 “
215 2378 364 2441 χος,
392 2349 889 2436 ἀντεπιστέλλει
915 2368 1232 2442 τιμωρεῖν
1254 2360 1358 2446 «τῷ
1386 2358 1607 2440 πατρί,
1636 2353 1751 2429 καὶ
1784 2349 2008 2442 λάθρᾳ
2041 2355 2194 2420 δια-

109 2459 116 2482 “
216 2453 671 2545 πέμπει.πρὸς
715 2455 875 2537 τους
911 2459 986 2525 ἐν
1031 2455 1231 2548 Τύρῳ
1270 2455 1683 2546 χιλιάρχους,
1725 2455 2025 2526 κελεύων
2064 2449 2194 2525 αύ-

220 2555 381 2636 τοὺς
405 2558 851 2648 συμπράττειν
867 2554 1131 2649 Ἡρώδῃ
1158 2565 1384 2631 δίκαια
1419 2563 1724 2648 μέλλοντι
1752 2559 2044 2648 πράξειν.
2105 2552 2196 2638 ὥς

228 2659 309 2729 δὲ
332 2666 728 2732 Λαοδίκειαν
754 2656 1076 2750 ᾑρηκότος
1115 2668 1417 2732 Κασσίου
1455 2660 1622 2751 πρὸς
1663 2657 1872 2732 αὑτὸν
1898 2656 2203 2749 ἀπῄεσαν

129 2783 189 2824 2⁶
226 2768 421 2852 κοινῇ
465 2764 841 2852 στεφάνους
890 2790 962 2833 τε
1026 2761 1207 2857 αύτῳ
1267 2768 1380 2834 καὶ
1437 2763 1733 2855 χρήματα
1794 2770 2193 2851 κομίζοντες,

211 2861 511 2954 Ἡρώδης
536 2867 664 2956 μὲν
685 2866 1064 2954 προσεδόκα
1092 2866 1339 2938 δώσειν
1375 2865 1495 2937 τὸν
1533 2864 1843 2953 Μάλιχον
1866 2869 2197 2953 τιμωρίαν

217 2971 361 3039 ἐκεῖ
384 2971 782 3060 γενόμενον,
822 2998 860 3040 ο
896 2969 972 3042 δὲ
1011 2972 1166 3060 περὶ
1199 2970 1424 3059 Τύρον
1462 2972 1578 3056 τῆς
1604 2975 1935 3055 Φοινίκης
1950 2961 2195 3035 ὑπιδό-

219 3099 421 3162 μενος
462 3071 536 3143 τὸ
581 3080 855 3163 πρᾶγμα
879 3073 1203 3161 μειζόνων
1234 3070 1560 3160 ἐφήπτετο
1581 3122 1600 3157 ,
1640 3072 1754 3141 καὶ
1795 3076 1919 3141 τοῦ
1959 3066 2197 3151 παιδὸς
2292 3144 2299 3151 ,

219 3172 433 3247 αὑτοῦ
472 3172 925 3276 ὁμηρεύοντος
963 3179 1037 3245 έν
1083 3176 1282 3268 Τύρῳ
1320 3172 1683 3262 παρελθων
1717 3180 1811 3255 εἰς
1849 3170 1974 3261 τὴν
1998 3172 2195 3243 πόλιν
2310 3211 2339 3230 e

137 3304 190 3346 ³⁰
222 3286 394 3368 ἔγνω
421 3279 664 3350 τοῦτόν
689 3289 764 3349 τε
789 3275 1206 3358 ὑπεκκλέψαι
1230 3279 1346 3348 καὶ
1362 3272 1468 3359 εἰς
1493 3276 1616 3366 τὴν
1632 3275 1967 3346 Ἰουδαίαν
1993 3271 2195 3347 ἀπαί-

223 3409 399 3470 ρειν,
441 3381 855 3463 σπεύδοντός
881 3408 954 3451 τε
995 3378 1101 3471 ἐπ’
1137 3378 1496 3452 ’Λντώνιον
1539 3384 1841 3450 Κασσίου
1877 3375 1952 3450 τὸ
1993 3386 2197 3465 ἔθνος

115 3505 124 3514 ·
220 3479 596 3575 ἀποστήσας
634 3482 839 3568 αὐτὸς
878 3482 1002 3572 τὴν
1041 3481 1258 3575 ἀρχὴν
1283 3487 1616 3568 καθέξειν.
1684 3498 1822 3567 τοῖς
1849 3483 1925 3556 δὲ
1950 3489 2221 3573 βεβου-ι
