2500 3882
261 137 380 200 125
932 77 1578 197 ἈΡέΑΙοΛοΓΙΑὲ

259 316 483 402 φίλων
519 305 676 380 Εὐπ
696 307 920 398 ’λεμον
971 306 1091 378 τὸν
1124 304 1441 378 Ἰωάννου
1495 306 1652 379 υἱὸν
1687 308 1799 377 καὶ
1832 295 2115 378 Ἰάσονα
2130 306 2252 378 τὸν

253 411 676 505 Ἐλεαζάρου,
724 410 1085 500 παρεκάλει
1130 407 1223 481 δι’
1270 407 1500 481 αὐτῶν
1525 407 1909 537 συμμάχους
1938 408 2110 481 εἶναι
2137 412 2254 480 καὶ

262 524 539 604 φίλους,
593 517 707 585 καὶ
743 520 1109 607 Δημητρίῳ
1148 512 1406 603 γράψαι
1444 541 1626 598 οπως
1675 513 1766 604 μὴ
1806 520 2060 605 πολεμῇ
2110 528 2252 595 τοῖς

254 616 623 699 ’.Ιουδαίοις
705 617 1026 697 ἐλθόντας
1067 617 1142 692 δὲ
1187 623 1283 698 εἰς
1318 614 1443 705 τήν
1460 613 1715 707 Ῥώμην
1741 615 1896 699 τούς
1921 614 2109 705 παρὰ
2126 623 2250 686 τοῦ

257 719 474 792 Ἰούδα
501 716 964 810 πρεσβευτάς“
929 748 970 808 η
991 719 1362 809 σύγκλητος
1382 721 1665 808 δέχεται,
1687 723 1800 790 καὶ
1821 726 2251 810 διαλεχθεῖσα
2283 757 2313 797 5

264 828 419 915 περὶ
458 852 557 893 ων
596 825 1039 912 ἐπέμφθησαν
1077 820 1200 911 τὴν
1238 830 1627 912 συμμαχίαν
1666 822 1981 894 ἐπινεύει.
2050 822 2252 911 ποιή-

158 956 167 964 ”
260 948 434 998 σασα
462 925 538 995 δὲ
566 927 721 1013 περὶ
744 924 989 995 τούτου
1018 926 1234 1015 δόγμα
1275 926 1349 995 τὸ
1388 924 1586 1015 μὲν’
1550 933 1965 1016 ἀντίγραφον
1987 932 2088 1007 εἰς
2118 923 2300 1014 τὴν·

255 1028 589 1100 Ἰουδαιάν
631 1024 1051 1117 ἀπέστειλεν,
1094 1025 1261 1099 αὐτὸ
1306 1026 1374 1098 δ’
1422 1035 1515 1110 εἰς
1553 1026 1631 1098 τὸ
1675 1027 2102 1111 Καπιτώλιον
2161 1031 2254 1110 εἰς

262 1138 506 1220 χαλκᾶς
545 1131 999 1221 ἐγγράψαντες
1024 1134 1311 1212 δέλτους
1349 1127 1704 1203 ἀνέθεσαν.
1788 1123 1874 1220 ἦν
1914 1132 1989 1201 δὲ
2025 1137 2254 1209 τοιοῦ-

262 1262 429 1305 τον.Ῐ
474 1230 734 1325 “δόγμα
773 1233 1154 1323 συγκλήτου
1195 1237 1352 1321 περὶ
1402 1242 1775 1325 συμμαχίας
1817 1236 1931 1304 καὶ
1956 1274 1961 1282 v
1986 1231 2255 1316 εὐνοίας
2292 1269 2343 1309 1⁰

263 1341 379 1426 τῆς
410 1335 576 1425 πρὸς
603 1333 678 1408 τὰ
707 1345 909 1436 ἔθνος
947 1345 1083 1407 τῶν
1117 1334 1482 1409 Ἰουδαίων.
1562 1341 1817 1428 μηδένα
1843 1343 1980 1407 τῶν
2007 1334 2256 1408 ὑποτεὲ

265 1442 613 1530 ταγμένων
630 1437 970 1530 Ῥωμαίοις
1007 1449 1324 1530 πολεμεῖν
1363 1447 1456 1533 τῷ
1502 1449 1638 1514 τῶν
1659 1438 2004 1512 Ἰουδαίων
2039 1447 2252 1528 ἔθνει,

265 1544 435 1632 μηδὲ
474 1559 610 1624 τοῖς
649 1550 1016 1632 πολεμοῦσι
1053 1559 1369 1633 χορηγεῖν
1410 1539 1454 1632 ἢ
1492 1560 1682 1614 σῖτον.
1719 1539 1987 1632 ἦπλοῖα
2020 1538 2065 1632 ἢ
2090 1541 2257 1632 χρή-

266 1673 458 1734 ματα.
505 1644 625 1732 ἐὰν
652 1647 727 1716 δὲ
746 1649 988 1769 ἐπίωσί
1010 1673 1185 1726 τινες
1206 1644 1577 1734 Ἰουδαίοις,
1599 1655 1883 1736 βοηθεῖν
1894 1643 2257 1735 Ῥωμαίους
2371 1673 2380 1680 “

268 1745 497 1828 αὐτοῖς
547 1747 714 1818 κατὰ
754 1746 826 1818 τὸ
872 1748 1200 1836 δυνατόν,
1240 1752 1355 1823 καὶ
1402 1749 1637 1842 πάλιν,
1676 1745 1762 1830 ,ἀν
1803 1757 1883 1840 τῇ
1916 1746 2256 1838 Ῥωμαίων
2294 1786 2347 1828 15

268 1855 509 1963 ἐπίωσί
544 1880 752 1940 τινες,
785 1849 1150 1977 Ἰουδαίους
1200 1849 1434 1932 αὐτοῖς
1473 1860 1865 1943 συμμαχεῖν.
1946 1882 2032 1922 αν
2082 1856 2162 1922 δέ
2196 1881 2262 1921 τι

270 1953 434 2044 πρὸς
457 1955 727 2045 ταύτην
766 1953 890 2043 τήν
926 1962 1308 2081 συμμαχίαν
1345 1955 1633 2046 θελήσῃ
1645 1955 1718 2026 τὸ
1752 1963 1889 2027 τῶν
1909 1943 2257 2026 Ἰουδαίων

273 2065 476 2139 ἔθνος
512 2086 553 2148 η
597 2069 1007 2149 προσθεῖναι
1043 2054 1086 2148 η’
1127 2055 1442 2147 ἀφελεῖν,
1491 2065 1690 2129 τοῦτο
1717 2066 1911 2150 κοινῇ
1941 2062 2261 2148 γενέσθαι

272 2190 506 2253 γνωμῃ
552 2170 673 2233 τοῦ
718 2161 940 2252 δήμου
978 2169 1116 2231 τῶν
1146 2158 1516 2251 Ῥωμαίων·
1573 2156 1612 2232 ὃ
1656 2158 1723 2232 δ’
1748 2157 1853 2231 ww
1893 2161 2259 2252 προστεθῇ,

271 2262 456 2335 τοῦτ’
492 2264 664 2335 εἶναι
691 2265 951 2355 κύριον.
1036 2264 1321 2357 ἐγράφη,
1341 2263 1416 2335 τὸ
1449 2264 1664 2354 δόγμα
1691 2261 1823 2335 ὑπὸ
1851 2261 2266 2354 Εὐπολέμου]
2292 2293 2347 2333 20

272 2375 394 2436 τοῦ
431 2364 746 2437 Ἰωάννου
784 2365 1023 2447 παιδὸς
1049 2369 1162 2437 καὶ
1196 2364 1332 2438 ὑπὸ
1370 2366 1655 2449 Ἰάσονος
1694 2375 1813 2438 τοῦ
1846 2364 2259 2460 Ἐλεαζάρου,

271 2466 935 2559 ἐπὶάρχιερέωςιμὲν
985 2477 1108 2539 τοῦ
1163 2477 1413 2552 ἔθνους
1445 2467 1694 2560 Ἰούδα,
1749 2477 2144 2562 στρατηγοῦ·
2180 2469 2257 2540 δὲ

179 2618 189 2645 l
270 2574 584 2661 Σίμωνος
611 2568 733 2640 τὀὖ
761 2569 1064 2661 ἀδελφοῦ
1092 2568 1359 2642 αὐτοῦ.”

426 2676 540 2744 καὶ
581 2665 706 2764 τὴν
731 2675 854 2763 μὲν
882 2672 1154 2764 πρώτην
1177 2671 1518 2765 Ῥωμαίοις
1553 2673 1721 2766 πρὸς
1747 2672 2114 2758 Ἰουδαίους
2141 2705 2263 2766 φι-

173 2791 250 2856 11
275 2785 429 2850 λίαν
474 2780 588 2851 καὶ
637 2785 1019 2867 συμμαχίαν
1073 2774 1252 2848 οὕτω
1295 2781 1548 2868 συνέβη
1602 2783 1972 2867 γενέσθαιῖ
2018 2779 2257 2869 Δημή-
2295 2813 2348 2855 25

274 2911 455 2973 τριος
485 2884 581 2969 δέ,
611 2878 1144 2971 ἀπαγγελθείσης
1172 2878 1355 2976 αὐτῷ
1395 2888 1510 2972 τῆς
1538 2882 1920 2974 Νικάνορος
1949 2890 2260 2972 τελευτῆς

273 2990 387 3058 καὶ
431 2993 551 3076 τῆς
591 2981 924 3068 ἀπωλείας
960 2990 1081 3056 τοῦ
1121 2983 1254 3055 σὺν
1291 2981 1473 3079 αὐτῷ
1512 2984 2019 3074 στρατεύματος,
2052 2986 2255 3056 πάλιν

273 3089 392 3158 τὸν
418 3094 759 3178 Βακχίδην
785 3086 948 3178 μετὰ
975 3088 1327 3178 δυνάμεως
1361 3095 1455 3168 εἰς
1483 3085 1605 3176 τὴν
1624 3084 1959 3158 Ἰουδαίαν
1986 3092 2260 3179 ἐξέπεμ-

271 3204 432 3275 ψεν,
477 3188 549 3272 ὃς
582 3195 656 3260 ἐκ
684 3198 798 3279 τῆς
832 3187 1233 3279 Ἀντιοχείας
1268 3190 1630 3282 ἐξορμήσας
1656 3192 1768 3260 καὶ
1798 3193 2260 3282 παραγενόμε-

272 3317 389 3368 νος
410 3297 502 3369 εἰς
521 3290 854 3363 Ἰουδαίαν
875 3290 972 3362 ἐν’
960 3294 1299 3384 Αρβήλοις
1325 3294 1516 3364 πόλει
1540 3300 2025 3383 τῆςΓαλιλαίας
2051 3302 2352 3386 στρα-3ο

272 3391 720 3462 τοπεδεύεται.
807 3398 921 3465 καὶ
962 3424 1118 3478 τους
1156 3400 1231 3466 ἐν
1278 3414 1414 3479 τοῖς
1467 3400 1607 3467 ἐκεῖ
1655 3404 2006 3486 σπηλαίοις
2059 3426 2259 3501 οντας

273 3490 531 3573 (πολλοὶ
566 3489 697 3582 γὰρ
742 3502 836 3578 εἰς
874 3494 1046 3569 αὐτὰ
1066 3500 1684 3592 συμπεφεύγεσαν)
1734 3488 2259 3594 ἐκπολιορκήσας
2365 3540 2373 3559 ·
