2500 3882
336 129 461 192 260
1016 124 1663 186 ΑΡΧΑΙΟΛΟΓΙΑΣ

347 304 573 391 μέντοι
622 294 943 387 διαδοχὴν
1000 302 1116 385 τῆς
1169 291 1376 384 ἀρχῆς
1426 292 1546 364 τὸν
1598 289 1899 383 ἀδελφὸν
1933 289 2354 382 Μονόβαζον

354 407 622 475 ἐκέλευε
647 409 1097 492 παραλαβεῖν,
1140 395 1582 487 ἀμειβόμενος
1624 394 1836 467 αὐτὸν
1872 391 1977 466 ὅτι
2017 394 2196 467 κατὰ
2224 394 2353 484 τὴν

351 505 736 596 ἀποδημίαν
776 501 1019 589 αὐτοῦ,
1062 501 1226 590 μετὰ
1267 500 1388 570 τὸν
1429 507 1552 569 τοῦ
1592 497 1842 587 πατρὸς
1874 497 2090 569 αὐτοῦ
2119 498 2354 568 θάνα-

350 639 490 698 τον,
519 616 766 690 πιστῶς
797 606 1154 697 φυλάξειεν
1180 601 1365 696 αὐτῷ
1393 601 1520 691 τὴν
1549 608 1973 672 δυναστείαν.
2035 598 2078 689 ἡ
2110 603 2190 672 δὲ
2219 602 2353 690 μή-

351 742 474 805 τηρ
496 710 725 800 Ἑλένη
767 708 885 780 τὸν
923 715 1045 778 τοῦ
1072 706 1311 788 παιδὸς
1352 707 1653 776 θάνατον
1693 702 2039 775 ἀκούσασα
2081 708 2355 793 βαρέως
2383 734 2401 770 5

353 817 479 907 μὲν
508 813 826 904 ἤνεγκεν,
871 808 960 892 ὥς
989 808 1164 890 εἰκὸς
1199 812 1452 897 μητέρα
1491 812 1898 897 στερομένην
1941 805 2348 897 εὐσεβεστά-

356 946 478 989 του
514 916 787 1001 παιδός,
847 920 1293 1003 παραμυθίαν
1338 911 1413 981 δὲ
1451 908 1629 1000 ὅμως
1673 910 1806 999 εἶχε
1847 910 1972 1000 τὴν
2018 911 2357 999 διαδοχῆν

354 1019 697 1090 ἀκούσασα
741 1023 832 1099 εἰς
872 1015 992 1087 τὸν
1032 1015 1493 1104 πρεσβύτερον
1543 1011 1751 1101 αὐτῆς
1808 1013 1963 1084 υίόν
2015 1010 2354 1102 ἥκουσαν,

355 1125 470 1193 καὶ
510 1120 677 1210 πρὸς
716 1117 928 1191 αὐτὸν
971 1124 1319 1190 ἔσπευδεν.
1400 1121 1910 1207 παραγενομένη
1957 1117 2040 1193 δὲ,
2082 1125 2180 1198 είς
2229 1116 2358 1206 τὴν

350 1223 764 1314 Ἀδιαβηνὴν
807 1219 892 1295 ού
937 1220 1156 1294 πολὺν
1189 1219 1393 1310 Ἰζάτῃ
1442 1227 1534 1313 τῷ
1566 1223 1757 1290 παιδὶ
1784 1222 2028 1309 χρόνον
2056 1224 2359 1308 ἐπεβίω-β
2388 1243 2417 1281 1⁶

359 1355 515 1416 σευ,
547 1325 715 1398 ἀλλὰ
743 1335 835 1421 τῷ
861 1327 1059 1417 γήραι
1099 1328 1212 1395 καὶ
1241 1331 1336 1417 τῷ
1378 1329 1495 1411 τῆς
1523 1323 1740 1412 λύπης
1766 1320 2095 1412 ἀλγήματι
2126 1332 2356 1408 πιεζο-

359 1436 527 1523 μένη
556 1434 799 1520 ταχέως
827 1428 1182 1511 ἀπέψυξεν.
1264 1425 1301 1495 ὁ
1345 1427 1421 1496 δὲ
1451 1424 1840 1515 Μονόβαζος
1875 1428 1959 1496 τά
1987 1454 2058 1495 τε
2088 1432 2360 1515 ἐκείνης

361 1535 523 1606 ὀστᾶ
551 1537 663 1603 καὶ
703 1531 783 1602 τά
829 1539 951 1601 τοῦ
978 1529 1283 1618 ἀδελφοῦ
1312 1532 1580 1618 πέμψας’
1603 1536 1695 1610 είς
1715 1526 2178 1619 Ἱεροσόλυμα,
2222 1531 2360 1600 θά-

358 1652 480 1718 ψαι
526 1638 927 1723 προσέταξεν
965 1636 1040 1702 έν
1087 1649 1228 1712 ταῖς
1272 1639 1643 1721 πυραμίσιν
1689 1628 1769 1714 ἃς
1810 1629 1849 1721 ἡ
1892 1633 2109 1724 μήτηρ
2153 1661 2362 1703 κατε-

360 1737 711 1822 σκευάκει,
756 1751 933 1826 τρεῖς
959 1734 1079 1804 τὸν
1105 1732 1437 1823 ἀριθμόν,
1484 1741 1636 1822 τρία
1666 1736 1901 1806 στάδια
1929 1743 2044 1824 τῆς
2069 1742 2222 1805 τῶν
2242 1735 2362 1808 Ἱε-
2389 1766 2422 1804 15

363 1844 827 1933 ροσολυμιτῶν
856 1839 1111 1919 πόλεως
1137 1835 1531 1926 ἀπεχούσας.

519 1940 688 2014 ἀλλὰ
715 1944 1113 2032 Μονόβαζος
1139 1941 1265 2030 μὲν
1293 1938 1343 2023 ὁ,
1361 1940 1679 2031 βασιλεὺς
1718 1938 1843 2013 ὅσα
1891 1941 2057 2012 κατά
2084 1941 2216 2013 τὸν
2249 1952 2363 2034 τῆς

302 2058 344 2122 5
370 2056 538 2139 ζωῆς
563 2048 809 2138 χρόνον
838 2051 1154 2136 ἔπραξεν,
1197 2042 1487 2133 ὕστερον
1514 2043 2023 2136 ἀπαγγελοῦμεν
2040 2069 2054 2081 ·
2116 2048 2363 2119 Φάδου

367 2154 445 2224 δὲ
470 2160 585 2241 τῆς
605 2149 931 2230 Ἰουδαίας
966 2151 1518 2236 ἐπιτροπεύοντος
1540 2149 1701 2238 γόης
1726 2177 1825 2230 τις
1851 2147 2019 2239 ἀνήρ
2036 2203 2055 2237 ‚
2088 2158 2367 2232 Θευδᾶς

367 2254 680 2344 ὀνόματι,
742 2261 968 2325 πείθει
1019 2252 1137 2323 τὸν
1176 2262 1488 2323 πλεῖστον
1528 2249 1727 2340 ὄχλον
1763 2249 2192 2342 ἀναλαβόντα
2249 2255 2368 2339 τὰς
2394 2286 2429 2324 ει

364 2359 628 2447 κτήσεις
679 2359 963 2427 ἕπεσθαι
1014 2354 1182 2444 πρὸς
1236 2354 1355 2426 τὸν
1375 2352 1718 2444 Ἰορδάνην
1771 2355 2074 2444 ποταμὸν
2130 2354 2361 2452 αὐτῷ·

370 2460 716 2548 προφήτης
763 2457 892 2548 γὰρ
922 2465 1152 2546 ἔλεγεν
1195 2458 1400 2545 εἶναι,
1440 2461 1555 2527 καὶ
1595 2459 2049 2548 προστάγματι
2079 2459 2210 2530 τὸν
2239 2490 2366 2532 πο-

369 2560 582 2652 ταμὸν
609 2568 837 2650 σχίσας
865 2566 1098 2631 δίοδον
1134 2567 1265 2650 ἔφη
1306 2563 1617 2649 παρέξειν
1647 2558 1880 2643 αὐτοῖς
1912 2567 2179 2655 ῥᾳδίαν.
2254 2569 2368 2636 καὶ

369 2673 579 2737 ταῦτα
607 2668 823 2753 λέγων
850 2664 1137 2744 πολλοὺς
1164 2661 1521 2753 ἠπάτησεν.
1582 2663 1666 2734 οὐ
1692 2663 1827 2754 μὴν
1856 2676 2079 2736 εἴασεν
2107 2666 2370 2751 αὐτοὺς

371 2778 487 2859 τῆς
528 2766 918 2858 ἀφροσύνης
961 2764 1255 2838 ὄνασθαι
1300 2768 1558 2855 Φάδος,
1605 2765 1753 2837 ἀλλ’
1802 2770 2172 2858 ἐξέπεμψεν
2206 2782 2367 2862 ἴλην
2397 2803 2430 2840 5

375 2875 632 2946 ἱππέων
686 2868 793 2941 ἐπ’
851 2867 1130 2959 αὐτούς,
1195 2866 1337 2959 ἥτις
1393 2868 1893 2961 ἀπροσδόκητος
1944 2877 2368 2946 ἐπιπεσοῦσα

376 2970 665 3055 πολλούς
692 2974 816 3062 μὲν
846 2970 1070 3044 ἀνεῖλε
1096 2972 1388 3055 πολλοὺς
1417 2975 1492 3043 δὲ
1531 2981 1780 3057 ζῶντας
1817 2982 2084 3065 ἔλαβεν
2147 2976 2372 3050 αὐτόν

376 3107 448 3149 τε
474 3079 594 3148 τὸν
621 3082 892 3146 Θευδᾶν
919 3078 1372 3167 ζωγρήσαντες
1415 3073 1861 3166 ἀποτέμνουσι
1901 3079 2024 3168 τὴν
2050 3084 2374 3173 κεφαλὴν

375 3183 488 3248 καὶ
513 3187 897 3267 κομίζουσιν
924 3186 1019 3259 εἰς
1034 3176 1478 3269 Ἱεροσόλυμα.

490 3279 601 3350 τὰ
651 3309 777 3368 μεν
828 3310 956 3351 ουν
1006 3283 1354 3372 συμβάντα
1406 3300 1541 3365 τοῖς
1588 3281 1934 3364 Ἰουδαίοις
1985 3309 2161 3352 κατα
2210 3286 2377 3369 τούς
2405 3319 2434 3357 :e

374 3383 731 3451 Κουσπίου
776 3384 1013 3454 Φάδου
1056 3392 1171 3472 τῆς
1231 3389 1589 3475 ἐπιτροπῆς
1628 3387 1915 3474 χρόνους
1958 3392 2173 3456 ταῦτα
2222 3395 2376 3479 ἐγέ-

310 3486 345 3535 2
370 3498 558 3542 νετο·
614 3472 793 3566 ηλθε
842 3487 919 3556 δὲ
958 3486 1190 3580 Φάδῳ
1211 3491 1517 3578 Τιβέριος
1551 3486 1981 3582 Ἀλέξανδρος
2024 3490 2369 3582 διάδοχος,
