<?xml version="1.0" encoding="UTF-8"?>
<!DOCTYPE html PUBLIC "-//W3C//DTD XHTML 1.0 Transitional//EN"
    "http://www.w3.org/TR/xhtml1/DTD/xhtml1-transitional.dtd">
<html xmlns="http://www.w3.org/1999/xhtml" xml:lang="en" lang="en">
 <head>
  <title>
</title>
<meta http-equiv="Content-Type" content="text/html;charset=utf-8" />
  <meta name='ocr-system' content='tesseract 3.04.00' />
  <meta name='ocr-capabilities' content='ocr_page ocr_carea ocr_par ocr_line ocrx_word'/>
</head>
<body>
  <div class='ocr_page' id='page_1' title='image "./flaviiiosephiop00josegoog_0646.png"; bbox 0 0 2500 3882; ppageno 0'>
   <div class='ocr_carea' id='block_1_1' title="bbox 261 157 1590 222">
    <p class='ocr_par' dir='ltr' id='par_1_1' title="bbox 261 157 1590 222">
     <span class='ocr_line' id='line_1_1' title="bbox 261 157 1590 222; baseline -0.001 -1"><span class='ocrx_word' id='word_1_1' title='bbox 261 157 384 222; x_wconf 78' lang='lat'><strong><em>278</em></strong></span> <span class='ocrx_word' id='word_1_2' title='bbox 940 160 1590 221; x_wconf 83' lang='grc' dir='ltr'><em>ΑΡΧΑΙΟΛΟΓΙΑΣ</em></span> 
     </span>
    </p>
   </div>
   <div class='ocr_carea' id='block_1_2' title="bbox 117 327 2461 3616">
    <p class='ocr_par' dir='ltr' id='par_1_2' title="bbox 262 327 2269 424">
     <span class='ocr_line' id='line_1_2' title="bbox 262 327 2269 424; baseline -0.001 -18"><span class='ocrx_word' id='word_1_3' title='bbox 262 340 402 407; x_wconf 89' lang='grc' dir='ltr'><strong><em>τῶν</em></strong></span> <span class='ocrx_word' id='word_1_4' title='bbox 426 330 750 424; x_wconf 77' lang='grc' dir='ltr'><strong><em>ὑπηκόων</em></strong></span> <span class='ocrx_word' id='word_1_5' title='bbox 774 327 1012 421; x_wconf 76' lang='grc' dir='ltr'><strong><em>ηὔξετο</em></strong></span> <span class='ocrx_word' id='word_1_6' title='bbox 1037 329 1151 412; x_wconf 76' lang='grc' dir='ltr'><strong><em>διὰ</em></strong></span> <span class='ocrx_word' id='word_1_7' title='bbox 1177 329 1254 402; x_wconf 83' lang='grc' dir='ltr'><strong><em>τὸ</em></strong></span> <span class='ocrx_word' id='word_1_8' title='bbox 1283 327 1846 422; x_wconf 83' lang='grc' dir='ltr'><strong><em>περιαιρούμενον</em></strong></span> <span class='ocrx_word' id='word_1_9' title='bbox 1871 330 1952 402; x_wconf 77' lang='grc' dir='ltr'><strong><em>τὰ</em></strong></span> <span class='ocrx_word' id='word_1_10' title='bbox 1978 334 2269 404; x_wconf 77' lang='grc' dir='ltr'><strong><em>ἐκείνων</em></strong></span> 
     </span>
    </p>

    <p class='ocr_par' dir='ltr' id='par_1_3' title="bbox 265 431 2267 528">
     <span class='ocr_line' id='line_1_3' title="bbox 265 431 2267 528; baseline -0.002 -19"><span class='ocrx_word' id='word_1_11' title='bbox 265 441 465 528; x_wconf 80' lang='grc' dir='ltr'><strong><em>ξένην</em></strong></span> <span class='ocrx_word' id='word_1_12' title='bbox 510 437 710 508; x_wconf 85' lang='grc' dir='ltr'><strong><em>πόλιν</em></strong></span> <span class='ocrx_word' id='word_1_13' title='bbox 747 451 1045 526; x_wconf 76' lang='grc' dir='ltr'><strong><em>κοσμεῖν.</em></strong></span> <span class='ocrx_word' id='word_1_14' title='bbox 1114 435 1441 526; x_wconf 81' lang='grc' dir='ltr'><strong><em>λαμβάνει</em></strong></span> <span class='ocrx_word' id='word_1_15' title='bbox 1483 436 1560 505; x_wconf 74' lang='grc' dir='ltr'><strong><em>δὲ</em></strong></span> <span class='ocrx_word' id='word_1_16' title='bbox 1604 437 1721 505; x_wconf 80' lang='grc' dir='ltr'><strong><em>καὶ</em></strong></span> <span class='ocrx_word' id='word_1_17' title='bbox 1762 431 2012 524; x_wconf 85' lang='grc' dir='ltr'><strong><em>Ἰησοῦς</em></strong></span> <span class='ocrx_word' id='word_1_18' title='bbox 2059 431 2097 505; x_wconf 81' lang='grc' dir='ltr'>ὁ</span> <span class='ocrx_word' id='word_1_19' title='bbox 2141 441 2267 506; x_wconf 81' lang='grc' dir='ltr'><strong><em>τοῦ</em></strong></span> 
     </span>
    </p>

    <p class='ocr_par' dir='ltr' id='par_1_4' title="bbox 263 533 2261 632">
     <span class='ocr_line' id='line_1_4' title="bbox 263 533 2261 632; baseline -0.001 -20"><span class='ocrx_word' id='word_1_20' title='bbox 263 539 609 632; x_wconf 82' lang='grc' dir='ltr'><strong><em>Γαμαλιήλ</em></strong></span> <span class='ocrx_word' id='word_1_21' title='bbox 634 533 760 630; x_wconf 76' lang='grc' dir='ltr'><strong><em>τῆν</em></strong></span> <span class='ocrx_word' id='word_1_22' title='bbox 787 537 1116 630; x_wconf 82' lang='grc' dir='ltr'><strong><em>διαδοχὴν</em></strong></span> <span class='ocrx_word' id='word_1_23' title='bbox 1135 544 1252 630; x_wconf 89' lang='grc' dir='ltr'><strong><em>τῆς</em></strong></span> <span class='ocrx_word' id='word_1_24' title='bbox 1274 537 1774 629; x_wconf 75' lang='grc' dir='ltr'><strong><em>ἀρχιερωσύνης</em></strong></span> <span class='ocrx_word' id='word_1_25' title='bbox 1793 537 1973 629; x_wconf 76' lang='grc' dir='ltr'><strong><em>παρὰ</em></strong></span> <span class='ocrx_word' id='word_1_26' title='bbox 1987 544 2111 610; x_wconf 81' lang='grc' dir='ltr'><strong><em>τοῦ</em></strong></span> <span class='ocrx_word' id='word_1_27' title='bbox 2134 546 2261 628; x_wconf 83' lang='grc' dir='ltr'><strong><em>βα·</em></strong></span> 
     </span>
    </p>

    <p class='ocr_par' dir='ltr' id='par_1_5' title="bbox 265 639 2266 734">
     <span class='ocr_line' id='line_1_5' title="bbox 265 639 2266 734; baseline -0.002 -19"><span class='ocrx_word' id='word_1_28' title='bbox 265 647 522 732; x_wconf 84' lang='grc' dir='ltr'><strong><em>σιλέως,</em></strong></span> <span class='ocrx_word' id='word_1_29' title='bbox 544 642 805 734; x_wconf 52' lang='grc' dir='ltr'><strong><em>’Ῑηυῖν</em></strong></span> <span class='ocrx_word' id='word_1_30' title='bbox 828 639 1253 732; x_wconf 82' lang='grc' dir='ltr'><strong><em>άφελομένου</em></strong></span> <span class='ocrx_word' id='word_1_31' title='bbox 1278 640 1396 712; x_wconf 86' lang='grc' dir='ltr'><strong><em>τὸν</em></strong></span> <span class='ocrx_word' id='word_1_32' title='bbox 1423 647 1546 711; x_wconf 80' lang='grc' dir='ltr'><strong><em>τοῦ</em></strong></span> <span class='ocrx_word' id='word_1_33' title='bbox 1566 647 1924 731; x_wconf 81' lang='grc' dir='ltr'><strong><em>Δαμναίου</em></strong></span> <span class='ocrx_word' id='word_1_34' title='bbox 1942 665 1957 681; x_wconf 88' lang='grc'><em>·</em></span> <span class='ocrx_word' id='word_1_35' title='bbox 2005 643 2121 711; x_wconf 74' lang='grc' dir='ltr'><strong><em>καὶ</em></strong></span> <span class='ocrx_word' id='word_1_36' title='bbox 2148 639 2266 712; x_wconf 79' lang='grc' dir='ltr'><strong><em>διὰ</em></strong></span> 
     </span>
    </p>

    <p class='ocr_par' dir='ltr' id='par_1_6' title="bbox 153 741 2459 1762">
     <span class='ocr_line' id='line_1_6' title="bbox 153 741 2316 836; baseline -0.004 -17"><span class='ocrx_word' id='word_1_37' title='bbox 153 752 160 759; x_wconf 76' lang='grc'><em>’</em></span> <span class='ocrx_word' id='word_1_38' title='bbox 262 753 458 818; x_wconf 81' lang='grc' dir='ltr'><strong><em>τοῦτο</em></strong></span> <span class='ocrx_word' id='word_1_39' title='bbox 484 747 712 828; x_wconf 91' lang='grc' dir='ltr'><strong><em>στάσις</em></strong></span> <span class='ocrx_word' id='word_1_40' title='bbox 738 741 964 815; x_wconf 77' lang='grc' dir='ltr'><strong><em>αὐτῶν</em></strong></span> <span class='ocrx_word' id='word_1_41' title='bbox 990 742 1155 835; x_wconf 83' lang='grc' dir='ltr'><strong><em>πρὸς</em></strong></span> <span class='ocrx_word' id='word_1_42' title='bbox 1188 741 1520 835; x_wconf 81' lang='grc' dir='ltr'><strong><em>ἀλλήλους</em></strong></span> <span class='ocrx_word' id='word_1_43' title='bbox 1553 748 1836 833; x_wconf 80' lang='grc' dir='ltr'><strong><em>ἐγένετο.</em></strong></span> <span class='ocrx_word' id='word_1_44' title='bbox 1874 745 2263 836; x_wconf 90' lang='grc' dir='ltr'><strong><em>συστήματα</em></strong></span> <span class='ocrx_word' id='word_1_45' title='bbox 2288 771 2316 810; x_wconf 71' lang='grc' dir='ltr'><strong><em>ε</em></strong></span> 
     </span>
     <span class='ocr_line' id='line_1_7' title="bbox 267 847 2260 941; baseline -0.002 -21"><span class='ocrx_word' id='word_1_46' title='bbox 267 848 393 941; x_wconf 80' lang='grc' dir='ltr'><strong><em>γὰρ</em></strong></span> <span class='ocrx_word' id='word_1_47' title='bbox 435 856 570 920; x_wconf 84' lang='grc' dir='ltr'><strong><em>τῶν</em></strong></span> <span class='ocrx_word' id='word_1_48' title='bbox 607 847 1056 940; x_wconf 75' lang='grc' dir='ltr'><strong><em>θρασυτάτων</em></strong></span> <span class='ocrx_word' id='word_1_49' title='bbox 1089 847 1527 939; x_wconf 84' lang='grc' dir='ltr'><strong><em>ποιησάμενοι</em></strong></span> <span class='ocrx_word' id='word_1_50' title='bbox 1570 847 1891 929; x_wconf 75' lang='grc' dir='ltr'><strong><em>πολλάκις</em></strong></span> <span class='ocrx_word' id='word_1_51' title='bbox 1919 850 2111 939; x_wconf 80' lang='grc' dir='ltr'><strong><em>μέχρι</em></strong></span> <span class='ocrx_word' id='word_1_52' title='bbox 2154 854 2260 918; x_wconf 94' lang='grc' dir='ltr'><strong><em>λί-</em></strong></span> 
     </span>
     <span class='ocr_line' id='line_1_8' title="bbox 263 946 2262 1042; baseline -0.002 -18"><span class='ocrx_word' id='word_1_53' title='bbox 263 966 416 1024; x_wconf 91' lang='grc' dir='ltr'><strong><em>θων</em></strong></span> <span class='ocrx_word' id='word_1_54' title='bbox 457 958 660 1042; x_wconf 83' lang='grc' dir='ltr'><strong><em>βολῆς</em></strong></span> <span class='ocrx_word' id='word_1_55' title='bbox 698 949 830 1021; x_wconf 80' lang='grc' dir='ltr'><strong><em>άπὸ</em></strong></span> <span class='ocrx_word' id='word_1_56' title='bbox 868 956 1007 1022; x_wconf 90' lang='grc' dir='ltr'><strong><em>τῶν</em></strong></span> <span class='ocrx_word' id='word_1_57' title='bbox 1035 955 1484 1041; x_wconf 72' lang='grc' dir='ltr'><strong><em>βλασφημῶν</em></strong></span> <span class='ocrx_word' id='word_1_58' title='bbox 1524 953 1895 1033; x_wconf 80' lang='grc' dir='ltr'><strong><em>ἐξέπιπτον.</em></strong></span> <span class='ocrx_word' id='word_1_59' title='bbox 1946 946 2262 1041; x_wconf 78' lang='grc' dir='ltr'><strong><em>ὑπερεῖχε</em></strong></span> 
     </span>
     <span class='ocr_line' id='line_1_9' title="bbox 266 1051 2264 1149; baseline -0.002 -23"><span class='ocrx_word' id='word_1_60' title='bbox 266 1056 338 1127; x_wconf 70' lang='grc' dir='ltr'><strong><em>δὲ</em></strong></span> <span class='ocrx_word' id='word_1_61' title='bbox 374 1052 681 1137; x_wconf 85' lang='grc' dir='ltr'><strong><em>Ἀνανίας</em></strong></span> <span class='ocrx_word' id='word_1_62' title='bbox 717 1059 812 1149; x_wconf 76' lang='grc' dir='ltr'><strong><em>τῷ</em></strong></span> <span class='ocrx_word' id='word_1_63' title='bbox 852 1053 1121 1148; x_wconf 72' lang='grc' dir='ltr'><strong><em>πλούτῳ</em></strong></span> <span class='ocrx_word' id='word_1_64' title='bbox 1155 1053 1654 1144; x_wconf 76' lang='grc' dir='ltr'><strong><em>προσαγόμενος</em></strong></span> <span class='ocrx_word' id='word_1_65' title='bbox 1692 1051 1852 1134; x_wconf 78' lang='grc' dir='ltr'><strong><em>τούς</em></strong></span> <span class='ocrx_word' id='word_1_66' title='bbox 1890 1054 2264 1143; x_wconf 85' lang='grc' dir='ltr'><strong><em>λαμβάνειν</em></strong></span> 
     </span>
     <span class='ocr_line' id='line_1_10' title="bbox 265 1153 2258 1248; baseline -0.001 -19"><span class='ocrx_word' id='word_1_67' title='bbox 265 1162 586 1247; x_wconf 79' lang='grc' dir='ltr'><strong><em>ἑτοίμους.</em></strong></span> <span class='ocrx_word' id='word_1_68' title='bbox 657 1155 1085 1248; x_wconf 83' lang='grc' dir='ltr'><strong><em>Κοστόβαρος</em></strong></span> <span class='ocrx_word' id='word_1_69' title='bbox 1114 1157 1191 1227; x_wconf 73' lang='grc' dir='ltr'><strong><em>δὲ</em></strong></span> <span class='ocrx_word' id='word_1_70' title='bbox 1229 1159 1344 1227; x_wconf 87' lang='grc' dir='ltr'><strong><em>καὶ</em></strong></span> <span class='ocrx_word' id='word_1_71' title='bbox 1382 1162 1651 1237; x_wconf 84' lang='grc' dir='ltr'><strong><em>Σαῦλος</em></strong></span> <span class='ocrx_word' id='word_1_72' title='bbox 1691 1153 1885 1226; x_wconf 78' lang='grc' dir='ltr'><strong><em>αὐτοὶ</em></strong></span> <span class='ocrx_word' id='word_1_73' title='bbox 1925 1155 2091 1227; x_wconf 84' lang='grc' dir='ltr'><strong><em>καθ’</em></strong></span> <span class='ocrx_word' id='word_1_74' title='bbox 2132 1153 2258 1227; x_wconf 81' lang='grc' dir='ltr'><strong><em>αὖ·</em></strong></span> 
     </span>
     <span class='ocr_line' id='line_1_11' title="bbox 264 1256 2350 1351; baseline -0.004 -19"><span class='ocrx_word' id='word_1_75' title='bbox 264 1260 422 1343; x_wconf 75' lang='grc' dir='ltr'><strong><em>τοὺς</em></strong></span> <span class='ocrx_word' id='word_1_76' title='bbox 446 1259 755 1351; x_wconf 83' lang='grc' dir='ltr'><strong><em>μοχθηρὰ</em></strong></span> <span class='ocrx_word' id='word_1_77' title='bbox 783 1261 1017 1350; x_wconf 82' lang='grc' dir='ltr'><strong><em>πλήθη,</em></strong></span> <span class='ocrx_word' id='word_1_78' title='bbox 1039 1259 1349 1350; x_wconf 76' lang='grc' dir='ltr'><strong><em>’συνῆγον</em></strong></span> <span class='ocrx_word' id='word_1_79' title='bbox 1365 1312 1383 1347; x_wconf 93' lang='grc'><strong><em>,</em></strong></span> <span class='ocrx_word' id='word_1_80' title='bbox 1427 1262 1666 1349; x_wconf 82' lang='grc' dir='ltr'><strong><em>γένους</em></strong></span> <span class='ocrx_word' id='word_1_81' title='bbox 1693 1260 1818 1350; x_wconf 75' lang='grc' dir='ltr'><strong><em>μὲν</em></strong></span> <span class='ocrx_word' id='word_1_82' title='bbox 1844 1256 2034 1341; x_wconf 79' lang='grc' dir='ltr'><strong><em>ὄντες</em></strong></span> <span class='ocrx_word' id='word_1_83' title='bbox 2058 1266 2254 1349; x_wconf 80' lang='grc' dir='ltr'><strong><em>βασι·</em></strong></span> <span class='ocrx_word' id='word_1_84' title='bbox 2299 1284 2350 1324; x_wconf 80' lang='grc' dir='ltr'><strong><em>ιο</em></strong></span> 
     </span>
     <span class='ocr_line' id='line_1_12' title="bbox 265 1360 2313 1455; baseline -0.002 -19"><span class='ocrx_word' id='word_1_85' title='bbox 265 1370 482 1451; x_wconf 87' lang='grc' dir='ltr'><strong><em>λικοῦ,</em></strong></span> <span class='ocrx_word' id='word_1_86' title='bbox 510 1363 624 1434; x_wconf 77' lang='grc' dir='ltr'><strong><em>διὰ</em></strong></span> <span class='ocrx_word' id='word_1_87' title='bbox 638 1362 764 1454; x_wconf 81' lang='grc' dir='ltr'><strong><em>τὴν</em></strong></span> <span class='ocrx_word' id='word_1_88' title='bbox 791 1363 956 1455; x_wconf 80' lang='grc' dir='ltr'><strong><em>πρὸς</em></strong></span> <span class='ocrx_word' id='word_1_89' title='bbox 976 1361 1351 1454; x_wconf 78' lang='grc' dir='ltr'><strong><em>Ἀγρίππαν</em></strong></span> <span class='ocrx_word' id='word_1_90' title='bbox 1377 1365 1778 1452; x_wconf 84' lang='grc' dir='ltr'><strong><em>συγγένειαν</em></strong></span> <span class='ocrx_word' id='word_1_91' title='bbox 1802 1360 2070 1444; x_wconf 81' lang='grc' dir='ltr'><strong><em>εὐνοίας</em></strong></span> <span class='ocrx_word' id='word_1_92' title='bbox 2096 1391 2261 1452; x_wconf 86' lang='grc' dir='ltr'><strong><em>τυγ-</em></strong></span> <span class='ocrx_word' id='word_1_93' title='bbox 2309 1413 2313 1417; x_wconf 91' lang='grc'>-</span> 
     </span>
     <span class='ocr_line' id='line_1_13' title="bbox 263 1462 2265 1558; baseline -0.001 -20"><span class='ocrx_word' id='word_1_94' title='bbox 263 1469 613 1557; x_wconf 88' lang='grc' dir='ltr'><strong><em>χάνοντες,</em></strong></span> <span class='ocrx_word' id='word_1_95' title='bbox 641 1474 848 1556; x_wconf 87' lang='grc' dir='ltr'><strong><em>βίαιοι</em></strong></span> <span class='ocrx_word' id='word_1_96' title='bbox 878 1467 954 1537; x_wconf 71' lang='grc' dir='ltr'><strong><em>δὲ</em></strong></span> <span class='ocrx_word' id='word_1_97' title='bbox 988 1468 1100 1536; x_wconf 85' lang='grc' dir='ltr'><strong><em>καὶ</em></strong></span> <span class='ocrx_word' id='word_1_98' title='bbox 1134 1462 1454 1558; x_wconf 71' lang='grc' dir='ltr'><strong><em>ἁρπάζειν</em></strong></span> <span class='ocrx_word' id='word_1_99' title='bbox 1479 1464 1561 1536; x_wconf 79' lang='grc' dir='ltr'><strong><em>τὰ</em></strong></span> <span class='ocrx_word' id='word_1_100' title='bbox 1586 1471 1724 1537; x_wconf 92' lang='grc' dir='ltr'><strong><em>τῶν</em></strong></span> <span class='ocrx_word' id='word_1_101' title='bbox 1751 1463 2265 1556; x_wconf 72' lang='grc' dir='ltr'><strong><em>ἀσθενεστέρων</em></strong></span> 
     </span>
     <span class='ocr_line' id='line_1_14' title="bbox 265 1566 2262 1660; baseline -0.001 -20"><span class='ocrx_word' id='word_1_102' title='bbox 265 1574 532 1659; x_wconf 81' lang='grc' dir='ltr'><strong><em>ἕτοιμοι.</em></strong></span> <span class='ocrx_word' id='word_1_103' title='bbox 582 1572 649 1652; x_wconf 77' lang='grc' dir='ltr'><strong><em>ἐξ</em></strong></span> <span class='ocrx_word' id='word_1_104' title='bbox 678 1572 945 1639; x_wconf 76' lang='grc' dir='ltr'><strong><em>ἐκείνου</em></strong></span> <span class='ocrx_word' id='word_1_105' title='bbox 969 1568 1254 1658; x_wconf 84' lang='grc' dir='ltr'><strong><em>μάλιστα</em></strong></span> <span class='ocrx_word' id='word_1_106' title='bbox 1278 1573 1400 1640; x_wconf 81' lang='grc' dir='ltr'><strong><em>τοῦ</em></strong></span> <span class='ocrx_word' id='word_1_107' title='bbox 1428 1574 1670 1660; x_wconf 84' lang='grc' dir='ltr'><strong><em>καιροῦ</em></strong></span> <span class='ocrx_word' id='word_1_108' title='bbox 1695 1572 1948 1658; x_wconf 87' lang='grc' dir='ltr'><strong><em>συνέβη</em></strong></span> <span class='ocrx_word' id='word_1_109' title='bbox 1972 1566 2102 1660; x_wconf 84' lang='grc' dir='ltr'><strong><em>τὴν</em></strong></span> <span class='ocrx_word' id='word_1_110' title='bbox 2136 1569 2262 1639; x_wconf 86' lang='grc' dir='ltr'><strong><em>πό-</em></strong></span> 
     </span>
     <span class='ocr_line' id='line_1_15' title="bbox 266 1667 2459 1762; baseline -0.003 -20"><span class='ocrx_word' id='word_1_111' title='bbox 266 1682 376 1743; x_wconf 88' lang='grc' dir='ltr'><strong><em>λιν</em></strong></span> <span class='ocrx_word' id='word_1_112' title='bbox 404 1667 593 1762; x_wconf 86' lang='grc' dir='ltr'><strong><em>ῆμῶν</em></strong></span> <span class='ocrx_word' id='word_1_113' title='bbox 617 1686 878 1757; x_wconf 89' lang='grc' dir='ltr'><strong><em>νοσεῖν,</em></strong></span> <span class='ocrx_word' id='word_1_114' title='bbox 923 1670 1443 1762; x_wconf 82' lang='grc' dir='ltr'><strong><em>προκοπτόντων</em></strong></span> <span class='ocrx_word' id='word_1_115' title='bbox 1469 1671 1743 1750; x_wconf 84' lang='grc' dir='ltr'><strong><em>πάντων</em></strong></span> <span class='ocrx_word' id='word_1_116' title='bbox 1774 1674 1891 1741; x_wconf 75' lang='grc' dir='ltr'><strong><em>ἐπὶ</em></strong></span> <span class='ocrx_word' id='word_1_117' title='bbox 1912 1670 1987 1743; x_wconf 82' lang='grc' dir='ltr'><strong><em>τὸ</em></strong></span> <span class='ocrx_word' id='word_1_118' title='bbox 2011 1686 2263 1762; x_wconf 84' lang='grc' dir='ltr'><strong><em>χεῖρον.</em></strong></span> <span class='ocrx_word' id='word_1_119' title='bbox 2326 1695 2331 1702; x_wconf 91' lang='grc'><em>·</em></span> <span class='ocrx_word' id='word_1_120' title='bbox 2458 1729 2459 1736; x_wconf 71' lang='grc'><strong><em>,</em></strong></span> 
     </span>
    </p>

    <p class='ocr_par' dir='ltr' id='par_1_7' title="bbox 203 1768 2461 2586">
     <span class='ocr_line' id='line_1_16' title="bbox 203 1768 2461 1869; baseline 0 -26"><span class='ocrx_word' id='word_1_121' title='bbox 203 1783 237 1835; x_wconf 81' lang='lat'><strong>5</strong></span> <span class='ocrx_word' id='word_1_122' title='bbox 267 1828 272 1834; x_wconf 79' lang='grc'><strong><em>.</em></strong></span> <span class='ocrx_word' id='word_1_123' title='bbox 419 1770 508 1855; x_wconf 83' lang='grc' dir='ltr'><strong><em>ῶς</em></strong></span> <span class='ocrx_word' id='word_1_124' title='bbox 559 1773 637 1844; x_wconf 72' lang='grc' dir='ltr'><strong><em>δὲ</em></strong></span> <span class='ocrx_word' id='word_1_125' title='bbox 686 1768 975 1864; x_wconf 79' lang='grc' dir='ltr'><strong><em>ἤκουσεν</em></strong></span> <span class='ocrx_word' id='word_1_126' title='bbox 1019 1769 1322 1862; x_wconf 86' lang='grc' dir='ltr'><strong><em>Ἀλβῖνος</em></strong></span> <span class='ocrx_word' id='word_1_127' title='bbox 1374 1770 1693 1862; x_wconf 77' lang='grc' dir='ltr'><strong><em>διάδοχον</em></strong></span> <span class='ocrx_word' id='word_1_128' title='bbox 1744 1770 1927 1869; x_wconf 78' lang='grc' dir='ltr'><strong><em>αύτῷ</em></strong></span> <span class='ocrx_word' id='word_1_129' title='bbox 1976 1778 2267 1846; x_wconf 82' lang='grc' dir='ltr'><strong><em>Γέσσιον</em></strong></span> <span class='ocrx_word' id='word_1_130' title='bbox 2303 1803 2351 1844; x_wconf 71' lang='grc' dir='ltr'><strong><em>ιε</em></strong></span> <span class='ocrx_word' id='word_1_131' title='bbox 2460 1831 2461 1864; x_wconf 69' lang='lat'><em>÷</em></span> 
     </span>
     <span class='ocr_line' id='line_1_17' title="bbox 267 1874 2461 1971; baseline 0.001 -24"><span class='ocrx_word' id='word_1_132' title='bbox 267 1880 551 1969; x_wconf 88' lang='grc' dir='ltr'><strong><em>Φλῶρον</em></strong></span> <span class='ocrx_word' id='word_1_133' title='bbox 576 1874 1015 1966; x_wconf 77' lang='grc' dir='ltr'><strong><em>ἀφικνεῖσθαι</em></strong></span> <span class='ocrx_word' id='word_1_134' title='bbox 1031 1928 1050 1964; x_wconf 99' lang='grc'><strong><em>,</em></strong></span> <span class='ocrx_word' id='word_1_135' title='bbox 1086 1874 1498 1967; x_wconf 88' lang='grc' dir='ltr'><strong><em>βουλόμενος</em></strong></span> <span class='ocrx_word' id='word_1_136' title='bbox 1531 1883 1760 1948; x_wconf 79' lang='grc' dir='ltr'><strong><em>δοκεῖν</em></strong></span> <span class='ocrx_word' id='word_1_137' title='bbox 1795 1906 1860 1949; x_wconf 90' lang='grc' dir='ltr'><strong><em>τι</em></strong></span> <span class='ocrx_word' id='word_1_138' title='bbox 1892 1894 2030 1960; x_wconf 87' lang='grc' dir='ltr'><strong><em>τοῖς</em></strong></span> <span class='ocrx_word' id='word_1_139' title='bbox 2057 1875 2260 1971; x_wconf 84' lang='grc' dir='ltr'><strong><em>Ἰερο-</em></strong></span> <span class='ocrx_word' id='word_1_140' title='bbox 2460 1879 2461 1888; x_wconf 69' lang='grc'>’</span> 
     </span>
     <span class='ocr_line' id='line_1_18' title="bbox 266 1973 2265 2073; baseline 0.001 -22"><span class='ocrx_word' id='word_1_141' title='bbox 266 1989 651 2070; x_wconf 87' lang='grc' dir='ltr'><strong><em>σολυμίταις</em></strong></span> <span class='ocrx_word' id='word_1_142' title='bbox 679 1986 1172 2073; x_wconf 77' lang='grc' dir='ltr'><strong><em>παρεσχῆσθαι,</em></strong></span> <span class='ocrx_word' id='word_1_143' title='bbox 1214 1979 1662 2072; x_wconf 85' lang='grc' dir='ltr'><strong><em>προσαγαγῶν</em></strong></span> <span class='ocrx_word' id='word_1_144' title='bbox 1699 1979 1857 2064; x_wconf 76' lang='grc' dir='ltr'><strong><em>τοὺς</em></strong></span> <span class='ocrx_word' id='word_1_145' title='bbox 1896 1973 2265 2072; x_wconf 61' lang='grc' dir='ltr'><strong><em>δεσμώτας,</em></strong></span> 
     </span>
     <span class='ocr_line' id='line_1_19' title="bbox 266 2076 2262 2213; baseline 0.001 -58"><span class='ocrx_word' id='word_1_146' title='bbox 266 2082 410 2156; x_wconf 82' lang='grc' dir='ltr'><strong><em>ὅσοι</em></strong></span> <span class='ocrx_word' id='word_1_147' title='bbox 428 2076 602 2174; x_wconf 82' lang='grc' dir='ltr'><strong><em>ἦσαν</em></strong></span> <span class='ocrx_word' id='word_1_148' title='bbox 627 2081 853 2156; x_wconf 79' lang='grc' dir='ltr'><strong><em>αὐτῶν</em></strong></span> <span class='ocrx_word' id='word_1_149' title='bbox 881 2084 1231 2176; x_wconf 83' lang='grc' dir='ltr'><strong><em>προδήλως</em></strong></span> <span class='ocrx_word' id='word_1_150' title='bbox 1259 2094 1503 2155; x_wconf 89' lang='grc' dir='ltr'><strong><em>θανεῖν</em></strong></span> <span class='ocrx_word' id='word_1_151' title='bbox 1529 2083 1721 2170; x_wconf 82' lang='grc' dir='ltr'><strong><em>αξιοι,</em></strong></span> <span class='ocrx_word' id='word_1_152' title='bbox 1751 2084 2030 2167; x_wconf 85' lang='grc' dir='ltr'><strong><em>τούτους</em></strong></span> <span class='ocrx_word' id='word_1_153' title='bbox 2051 2108 2262 2213; x_wconf 79' lang='grc' dir='ltr'><strong><em>προσ-</em></strong></span> 
     </span>
     <span class='ocr_line' id='line_1_20' title="bbox 268 2185 2266 2314; baseline 0 -56"><span class='ocrx_word' id='word_1_154' title='bbox 268 2190 500 2271; x_wconf 81' lang='grc' dir='ltr'><strong><em>έταξεν</em></strong></span> <span class='ocrx_word' id='word_1_155' title='bbox 521 2185 988 2314; x_wconf 73' lang='grc' dir='ltr'><strong><em>ἀναιρεθῆναι,</em></strong></span> <span class='ocrx_word' id='word_1_156' title='bbox 1017 2185 1171 2268; x_wconf 73' lang='grc' dir='ltr'><strong><em>τοὺς</em></strong></span> <span class='ocrx_word' id='word_1_157' title='bbox 1200 2187 1278 2256; x_wconf 72' lang='grc' dir='ltr'><strong><em>δὲ</em></strong></span> <span class='ocrx_word' id='word_1_158' title='bbox 1298 2190 1373 2257; x_wconf 75' lang='grc' dir='ltr'><strong><em>ἐκ</em></strong></span> <span class='ocrx_word' id='word_1_159' title='bbox 1399 2193 1637 2277; x_wconf 77' lang='grc' dir='ltr'><strong><em>μικρᾶς</em></strong></span> <span class='ocrx_word' id='word_1_160' title='bbox 1661 2190 1774 2258; x_wconf 85' lang='grc' dir='ltr'><strong><em>καὶ</em></strong></span> <span class='ocrx_word' id='word_1_161' title='bbox 1793 2194 1909 2279; x_wconf 90' lang='grc' dir='ltr'><strong><em>τῆς</em></strong></span> <span class='ocrx_word' id='word_1_162' title='bbox 1933 2188 2266 2278; x_wconf 82' lang='grc' dir='ltr'><strong><em>τυχούσης</em></strong></span> 
     </span>
     <span class='ocr_line' id='line_1_21' title="bbox 267 2288 2352 2421; baseline 0.001 -62"><span class='ocrx_word' id='word_1_163' title='bbox 267 2296 483 2372; x_wconf 87' lang='grc' dir='ltr'><strong><em>αίτίας</em></strong></span> <span class='ocrx_word' id='word_1_164' title='bbox 509 2296 605 2372; x_wconf 86' lang='grc' dir='ltr'><strong><em>είς</em></strong></span> <span class='ocrx_word' id='word_1_165' title='bbox 629 2288 755 2380; x_wconf 81' lang='grc' dir='ltr'><strong><em>τὴν</em></strong></span> <span class='ocrx_word' id='word_1_166' title='bbox 773 2288 1043 2421; x_wconf 76' lang='grc' dir='ltr'><strong><em>εἱρκτὴν</em></strong></span> <span class='ocrx_word' id='word_1_167' title='bbox 1065 2292 1558 2372; x_wconf 82' lang='grc' dir='ltr'><strong><em>κατατεθέντας</em></strong></span> <span class='ocrx_word' id='word_1_168' title='bbox 1573 2291 1869 2381; x_wconf 86' lang='grc' dir='ltr'><strong><em>χρήματα</em></strong></span> <span class='ocrx_word' id='word_1_169' title='bbox 1895 2291 2266 2381; x_wconf 86' lang='grc' dir='ltr'><strong><em>λαμβάνων</em></strong></span> <span class='ocrx_word' id='word_1_170' title='bbox 2297 2313 2352 2355; x_wconf 73' lang='lat'><strong><em>2·</em></strong></span> 
     </span>
     <span class='ocr_line' id='line_1_22' title="bbox 265 2387 2265 2485; baseline 0.002 -24"><span class='ocrx_word' id='word_1_171' title='bbox 265 2388 465 2474; x_wconf 79' lang='grc' dir='ltr'><strong><em>αὐτὸς</em></strong></span> <span class='ocrx_word' id='word_1_172' title='bbox 492 2390 760 2462; x_wconf 78' lang='grc' dir='ltr'><strong><em>ἀπέλυε.</em></strong></span> <span class='ocrx_word' id='word_1_173' title='bbox 808 2395 922 2461; x_wconf 83' lang='grc' dir='ltr'><strong><em>καὶ</em></strong></span> <span class='ocrx_word' id='word_1_174' title='bbox 951 2388 1161 2472; x_wconf 74' lang='grc' dir='ltr'><strong><em>οὕτως</em></strong></span> <span class='ocrx_word' id='word_1_175' title='bbox 1196 2387 1239 2480; x_wconf 81' lang='grc' dir='ltr'><strong><em>ἡ</em></strong></span> <span class='ocrx_word' id='word_1_176' title='bbox 1275 2393 1401 2480; x_wconf 74' lang='grc' dir='ltr'><strong><em>μὲν</em></strong></span> <span class='ocrx_word' id='word_1_177' title='bbox 1427 2392 1698 2483; x_wconf 76' lang='grc' dir='ltr'><strong><em>φυλακὴ</em></strong></span> <span class='ocrx_word' id='word_1_178' title='bbox 1733 2399 1872 2464; x_wconf 85' lang='grc' dir='ltr'><strong><em>τῶν</em></strong></span> <span class='ocrx_word' id='word_1_179' title='bbox 1898 2399 2265 2485; x_wconf 87' lang='grc' dir='ltr'><strong><em>δεσμωτῶν</em></strong></span> 
     </span>
     <span class='ocr_line' id='line_1_23' title="bbox 265 2491 1735 2586; baseline 0.002 -23"><span class='ocrx_word' id='word_1_180' title='bbox 265 2491 716 2586; x_wconf 77' lang='grc' dir='ltr'><strong><em>ἐκαθάρθη,</em></strong></span> <span class='ocrx_word' id='word_1_181' title='bbox 679 2524 722 2586; x_wconf 89' lang='grc' dir='ltr'><strong><em>η</em></strong></span> <span class='ocrx_word' id='word_1_182' title='bbox 747 2494 930 2585; x_wconf 78' lang='grc' dir='ltr'><strong><em>χῶροι</em></strong></span> <span class='ocrx_word' id='word_1_183' title='bbox 958 2495 1034 2565; x_wconf 72' lang='grc' dir='ltr'><strong><em>δὲ</em></strong></span> <span class='ocrx_word' id='word_1_184' title='bbox 1059 2498 1324 2584; x_wconf 79' lang='grc' dir='ltr'><strong><em>λῃστῶν</em></strong></span> <span class='ocrx_word' id='word_1_185' title='bbox 1352 2495 1735 2586; x_wconf 74' lang='grc' dir='ltr'><strong><em>ἐπληρώθη.</em></strong></span> 
     </span>
    </p>

    <p class='ocr_par' dir='ltr' id='par_1_8' title="bbox 201 2590 2451 3308">
     <span class='ocr_line' id='line_1_24' title="bbox 201 2590 2451 2699; baseline 0 -31"><span class='ocrx_word' id='word_1_186' title='bbox 201 2611 240 2668; x_wconf 76' lang='grc'><strong>6</strong></span> <span class='ocrx_word' id='word_1_187' title='bbox 415 2603 554 2669; x_wconf 88' lang='grc' dir='ltr'><strong><em>τῶν</em></strong></span> <span class='ocrx_word' id='word_1_188' title='bbox 580 2597 655 2668; x_wconf 74' lang='grc' dir='ltr'><strong><em>δὲ</em></strong></span> <span class='ocrx_word' id='word_1_189' title='bbox 682 2602 989 2669; x_wconf 88' lang='grc' dir='ltr'><strong><em>Λευιτῶν</em></strong></span> <span class='ocrx_word' id='word_1_190' title='bbox 1014 2594 1225 2687; x_wconf 86' lang='grc' dir='ltr'><strong><em>(φυλὴ</em></strong></span> <span class='ocrx_word' id='word_1_191' title='bbox 1256 2594 1321 2667; x_wconf 89' lang='grc' dir='ltr'><strong><em>δ’</em></strong></span> <span class='ocrx_word' id='word_1_192' title='bbox 1353 2599 1535 2670; x_wconf 77' lang='grc' dir='ltr'><strong><em>ἐστὶν</em></strong></span> <span class='ocrx_word' id='word_1_193' title='bbox 1562 2595 1760 2688; x_wconf 76' lang='grc' dir='ltr'><strong><em>αὕτη)</em></strong></span> <span class='ocrx_word' id='word_1_194' title='bbox 1787 2596 2062 2685; x_wconf 86' lang='grc' dir='ltr'><strong><em>οσοιπερ</em></strong></span> <span class='ocrx_word' id='word_1_195' title='bbox 2086 2590 2265 2689; x_wconf 85' lang='grc' dir='ltr'><strong><em>ἦσαν</em></strong></span> <span class='ocrx_word' id='word_1_196' title='bbox 2450 2676 2451 2699; x_wconf 17' lang='grc' dir='ltr'>ᾖ</span> 
     </span>
     <span class='ocr_line' id='line_1_25' title="bbox 262 2697 2451 2795; baseline 0.001 -24"><span class='ocrx_word' id='word_1_197' title='bbox 262 2697 595 2795; x_wconf 74' lang='grc' dir='ltr'><strong><em>ὑμνῳδοί,</em></strong></span> <span class='ocrx_word' id='word_1_198' title='bbox 633 2709 951 2773; x_wconf 80' lang='grc' dir='ltr'><strong><em>πείθουσι</em></strong></span> <span class='ocrx_word' id='word_1_199' title='bbox 976 2699 1433 2790; x_wconf 83' lang='grc' dir='ltr'><strong><em>τὸνβασιλέα,</em></strong></span> <span class='ocrx_word' id='word_1_200' title='bbox 1466 2710 1849 2773; x_wconf 84' lang='grc' dir='ltr'><strong><em>καθίσαντα</em></strong></span> <span class='ocrx_word' id='word_1_201' title='bbox 1874 2705 2260 2791; x_wconf 76' lang='grc' dir='ltr'><strong><em>συνέδριον,</em></strong></span> <span class='ocrx_word' id='word_1_202' title='bbox 2315 2742 2320 2747; x_wconf 91' lang='grc'><em>·</em></span> <span class='ocrx_word' id='word_1_203' title='bbox 2450 2702 2451 2707; x_wconf 38' lang='grc'><strong>“</strong></span> 
     </span>
     <span class='ocr_line' id='line_1_26' title="bbox 264 2801 2346 2897; baseline -0.001 -22"><span class='ocrx_word' id='word_1_204' title='bbox 264 2819 504 2893; x_wconf 87' lang='grc' dir='ltr'><strong><em>φορεῖν</em></strong></span> <span class='ocrx_word' id='word_1_205' title='bbox 539 2801 767 2885; x_wconf 80' lang='grc' dir='ltr'><strong><em>αὐτοῖς</em></strong></span> <span class='ocrx_word' id='word_1_206' title='bbox 806 2801 914 2875; x_wconf 78' lang='grc' dir='ltr'><strong><em>ἐπ’</em></strong></span> <span class='ocrx_word' id='word_1_207' title='bbox 962 2813 1109 2894; x_wconf 76' lang='grc' dir='ltr'><strong><em>ἴσης</em></strong></span> <span class='ocrx_word' id='word_1_208' title='bbox 1156 2819 1296 2885; x_wconf 83' lang='grc' dir='ltr'><strong><em>τοῖς</em></strong></span> <span class='ocrx_word' id='word_1_209' title='bbox 1334 2809 1629 2895; x_wconf 73' lang='grc' dir='ltr'><strong><em>ἱερεῦσιν</em></strong></span> <span class='ocrx_word' id='word_1_210' title='bbox 1667 2807 2017 2897; x_wconf 76' lang='grc' dir='ltr'><strong><em>ἐπιτρέψαι</em></strong></span> <span class='ocrx_word' id='word_1_211' title='bbox 2058 2811 2260 2896; x_wconf 82' lang='grc' dir='ltr'><strong><em>λινῆν</em></strong></span> <span class='ocrx_word' id='word_1_212' title='bbox 2292 2831 2346 2873; x_wconf 64' lang='grc' dir='ltr'><em>ω</em></span> 
     </span>
     <span class='ocr_line' id='line_1_27' title="bbox 263 2903 2257 2999; baseline 0.001 -21"><span class='ocrx_word' id='word_1_213' title='bbox 263 2907 509 2999; x_wconf 74' lang='grc' dir='ltr'><strong><em>στολήν</em></strong></span> <span class='ocrx_word' id='word_1_214' title='bbox 524 2928 540 2944; x_wconf 90' lang='grc'><em>·</em></span> <span class='ocrx_word' id='word_1_215' title='bbox 572 2909 854 2996; x_wconf 89' lang='grc' dir='ltr'><strong><em>πρέπειν</em></strong></span> <span class='ocrx_word' id='word_1_216' title='bbox 879 2904 1008 2998; x_wconf 78' lang='grc' dir='ltr'><strong><em>γὰρ</em></strong></span> <span class='ocrx_word' id='word_1_217' title='bbox 1036 2903 1247 2977; x_wconf 77' lang='grc' dir='ltr'><strong><em>αὐτοῦ</em></strong></span> <span class='ocrx_word' id='word_1_218' title='bbox 1275 2922 1413 2988; x_wconf 87' lang='grc' dir='ltr'><strong><em>τοῖς</em></strong></span> <span class='ocrx_word' id='word_1_219' title='bbox 1434 2913 1553 2998; x_wconf 86' lang='grc' dir='ltr'><strong><em>τῆς</em></strong></span> <span class='ocrx_word' id='word_1_220' title='bbox 1573 2904 1775 2999; x_wconf 74' lang='grc' dir='ltr'><strong><em>ἀρχῆς</em></strong></span> <span class='ocrx_word' id='word_1_221' title='bbox 1796 2908 2061 2999; x_wconf 84' lang='grc' dir='ltr'><strong><em>χρόνοις</em></strong></span> <span class='ocrx_word' id='word_1_222' title='bbox 2087 2915 2257 2997; x_wconf 84' lang='grc' dir='ltr'><strong><em>ἔφα-</em></strong></span> 
     </span>
     <span class='ocr_line' id='line_1_28' title="bbox 263 2999 2262 3136; baseline 0.002 -58"><span class='ocrx_word' id='word_1_223' title='bbox 263 3031 429 3081; x_wconf 90' lang='grc' dir='ltr'><strong><em>σκον</em></strong></span> <span class='ocrx_word' id='word_1_224' title='bbox 444 3061 463 3096; x_wconf 99' lang='grc'><strong><em>,</em></strong></span> <span class='ocrx_word' id='word_1_225' title='bbox 506 3007 631 3099; x_wconf 77' lang='grc' dir='ltr'><strong><em>ἀφ’</em></strong></span> <span class='ocrx_word' id='word_1_226' title='bbox 673 2999 771 3079; x_wconf 83' lang='grc' dir='ltr'><strong><em>ῶν</em></strong></span> <span class='ocrx_word' id='word_1_227' title='bbox 807 3009 1433 3136; x_wconf 80' lang='grc' dir='ltr'><strong><em>μνημονευθήσεται</em></strong></span> <span class='ocrx_word' id='word_1_228' title='bbox 1483 3018 1918 3082; x_wconf 78' lang='grc' dir='ltr'><strong><em>καινοποιεῖν.</em></strong></span> <span class='ocrx_word' id='word_1_229' title='bbox 1987 3014 2101 3082; x_wconf 86' lang='grc' dir='ltr'><strong><em>καὶ</em></strong></span> <span class='ocrx_word' id='word_1_230' title='bbox 2142 3018 2262 3102; x_wconf 87' lang='grc' dir='ltr'><strong><em>τῆς</em></strong></span> 
     </span>
     <span class='ocr_line' id='line_1_29' title="bbox 262 3108 2259 3205; baseline 0.003 -24"><span class='ocrx_word' id='word_1_231' title='bbox 262 3109 593 3194; x_wconf 80' lang='grc' dir='ltr'><strong><em>άξιῶσεως</em></strong></span> <span class='ocrx_word' id='word_1_232' title='bbox 633 3108 717 3181; x_wconf 85' lang='grc' dir='ltr'><strong><em>ού</em></strong></span> <span class='ocrx_word' id='word_1_233' title='bbox 758 3112 1157 3202; x_wconf 84' lang='grc' dir='ltr'><strong><em>διήμαρτον·</em></strong></span> <span class='ocrx_word' id='word_1_234' title='bbox 1214 3109 1252 3183; x_wconf 87' lang='grc' dir='ltr'>ὁ</span> <span class='ocrx_word' id='word_1_235' title='bbox 1290 3111 1417 3203; x_wconf 79' lang='grc' dir='ltr'><strong><em>γὰρ</em></strong></span> <span class='ocrx_word' id='word_1_236' title='bbox 1444 3112 1762 3202; x_wconf 82' lang='grc' dir='ltr'><strong><em>βασιλεύς</em></strong></span> <span class='ocrx_word' id='word_1_237' title='bbox 1793 3143 1959 3205; x_wconf 85' lang='grc' dir='ltr'><strong><em>μετα</em></strong></span> <span class='ocrx_word' id='word_1_238' title='bbox 1990 3114 2259 3205; x_wconf 81' lang='grc' dir='ltr'><strong><em>γνῶμης</em></strong></span> 
     </span>
     <span class='ocr_line' id='line_1_30' title="bbox 258 3212 2258 3308; baseline 0.007 -33"><span class='ocrx_word' id='word_1_239' title='bbox 258 3215 397 3275; x_wconf 86' lang='grc' dir='ltr'><strong><em>τῶν</em></strong></span> <span class='ocrx_word' id='word_1_240' title='bbox 452 3220 548 3292; x_wconf 80' lang='grc' dir='ltr'><strong><em>εἰς</em></strong></span> <span class='ocrx_word' id='word_1_241' title='bbox 602 3212 679 3283; x_wconf 85' lang='grc' dir='ltr'><strong><em>τὸ</em></strong></span> <span class='ocrx_word' id='word_1_242' title='bbox 730 3218 1093 3305; x_wconf 84' lang='grc' dir='ltr'><strong><em>συνέδριον</em></strong></span> <span class='ocrx_word' id='word_1_243' title='bbox 1143 3218 1597 3305; x_wconf 76' lang='grc' dir='ltr'><strong><em>ἐποιχομένων</em></strong></span> <span class='ocrx_word' id='word_1_244' title='bbox 1643 3215 2069 3308; x_wconf 72' lang='grc' dir='ltr'><strong><em>συνεχώρησε</em></strong></span> <span class='ocrx_word' id='word_1_245' title='bbox 2118 3234 2258 3300; x_wconf 86' lang='grc' dir='ltr'><strong><em>τοῖς</em></strong></span> 
     </span>
    </p>

    <p class='ocr_par' dir='ltr' id='par_1_9' title="bbox 117 3299 2346 3419">
     <span class='ocr_line' id='line_1_31' title="bbox 117 3299 2346 3419; baseline 0.005 -38"><span class='ocrx_word' id='word_1_246' title='bbox 117 3338 126 3339; x_wconf 59' lang='grc'><em>’</em></span> <span class='ocrx_word' id='word_1_247' title='bbox 256 3299 591 3391; x_wconf 73' lang='grc' dir='ltr'><strong><em>ὖμνωδοες</em></strong></span> <span class='ocrx_word' id='word_1_248' title='bbox 614 3312 1079 3405; x_wconf 75' lang='grc' dir='ltr'><strong><em>ἀποθεμένους</em></strong></span> <span class='ocrx_word' id='word_1_249' title='bbox 1102 3317 1227 3408; x_wconf 89' lang='grc' dir='ltr'><strong><em>τῆν</em></strong></span> <span class='ocrx_word' id='word_1_250' title='bbox 1256 3322 1590 3419; x_wconf 84' lang='grc' dir='ltr'><strong><em>προτέραν</em></strong></span> <span class='ocrx_word' id='word_1_251' title='bbox 1617 3323 1867 3408; x_wconf 78' lang='grc' dir='ltr'><strong><em>ἐσθῆτα</em></strong></span> <span class='ocrx_word' id='word_1_252' title='bbox 1886 3336 2128 3410; x_wconf 87' lang='grc' dir='ltr'><strong><em>φορεῖν</em></strong></span> <span class='ocrx_word' id='word_1_253' title='bbox 2145 3330 2249 3392; x_wconf 88' lang='grc' dir='ltr'><strong><em>λι-</em></strong></span> <span class='ocrx_word' id='word_1_254' title='bbox 2291 3343 2346 3385; x_wconf 75' lang='lat'><strong><em>³⁰</em></strong></span> 
     </span>
    </p>

    <p class='ocr_par' dir='ltr' id='par_1_10' title="bbox 256 3398 2247 3515">
     <span class='ocr_line' id='line_1_32' title="bbox 256 3398 2247 3515; baseline 0.005 -32"><span class='ocrx_word' id='word_1_255' title='bbox 256 3398 386 3473; x_wconf 65' lang='grc' dir='ltr'><strong><em>νῆν</em></strong></span> <span class='ocrx_word' id='word_1_256' title='bbox 411 3405 561 3470; x_wconf 65' lang='grc' dir='ltr'><strong><em>Οῗαν</em></strong></span> <span class='ocrx_word' id='word_1_257' title='bbox 586 3410 950 3503; x_wconf 80' lang='grc' dir='ltr'><strong><em>ἠθέλησαν.</em></strong></span> <span class='ocrx_word' id='word_1_258' title='bbox 984 3422 1227 3509; x_wconf 85' lang='grc' dir='ltr'><strong><em>μέρους</em></strong></span> <span class='ocrx_word' id='word_1_259' title='bbox 1248 3424 1331 3492; x_wconf 75' lang='grc' dir='ltr'><strong><em>δέ</em></strong></span> <span class='ocrx_word' id='word_1_260' title='bbox 1353 3450 1535 3504; x_wconf 89' lang='grc' dir='ltr'><strong><em>τινος</em></strong></span> <span class='ocrx_word' id='word_1_261' title='bbox 1559 3428 1673 3512; x_wconf 88' lang='grc' dir='ltr'><strong><em>τῆς</em></strong></span> <span class='ocrx_word' id='word_1_262' title='bbox 1697 3429 1918 3513; x_wconf 85' lang='grc' dir='ltr'><strong><em>φυλῆς</em></strong></span> <span class='ocrx_word' id='word_1_263' title='bbox 1945 3433 2247 3515; x_wconf 84' lang='grc' dir='ltr'><strong><em>λειτουρ-</em></strong></span> 
     </span>
    </p>

    <p class='ocr_par' dir='ltr' id='par_1_11' title="bbox 255 3491 2250 3616">
     <span class='ocr_line' id='line_1_33' title="bbox 255 3491 2250 3616; baseline 0.005 -29"><span class='ocrx_word' id='word_1_264' title='bbox 255 3491 533 3574; x_wconf 59' lang='grc' dir='ltr'><em>γοῦντος</em></span> <span class='ocrx_word' id='word_1_265' title='bbox 549 3510 717 3577; x_wconf 64' lang='grc' dir='ltr'><em>κατὰ</em></span> <span class='ocrx_word' id='word_1_266' title='bbox 735 3515 811 3583; x_wconf 78' lang='grc' dir='ltr'><strong><em>τὸ</em></strong></span> <span class='ocrx_word' id='word_1_267' title='bbox 831 3522 1037 3607; x_wconf 86' lang='grc' dir='ltr'><strong><em>ίερόν,</em></strong></span> <span class='ocrx_word' id='word_1_268' title='bbox 1061 3524 1172 3592; x_wconf 80' lang='grc' dir='ltr'><strong><em>καὶ</em></strong></span> <span class='ocrx_word' id='word_1_269' title='bbox 1198 3525 1462 3607; x_wconf 85' lang='grc' dir='ltr'><strong><em>τούτοις</em></strong></span> <span class='ocrx_word' id='word_1_270' title='bbox 1479 3528 1796 3615; x_wconf 75' lang='grc' dir='ltr'><strong><em>ἐπέτρεψε</em></strong></span> <span class='ocrx_word' id='word_1_271' title='bbox 1814 3523 1973 3609; x_wconf 80' lang='grc' dir='ltr'><strong><em>τούς</em></strong></span> <span class='ocrx_word' id='word_1_272' title='bbox 1991 3523 2250 3616; x_wconf 76' lang='grc' dir='ltr'><strong><em>ὕμνους</em></strong></span> 
     </span>
    </p>
   </div>
  </div>
 </body>
</html>
