2500 3882
212 128 229 139 ”
306 163 424 226 106
576 130 586 135 ’
960 118 1614 224 ΑΡΧΑΙΟΛΟΓΙΑΣ

302 356 432 407 σαν
460 333 584 426 τὴν
625 337 1027 426 οἰκουμένην
1065 332 1545 405 ἀνενδοίαστον
1580 333 1985 422 γενομένην,
2024 332 2139 401 καὶ
2171 359 2306 419 μα-

299 446 461 510 νίαν
495 440 607 509 καὶ
635 445 971 528 λογισμῶν
1011 444 1323 507 ἔκστασιν
1348 450 1780 527 κατακρινεῑν
1805 432 2054 526 ἀνδρὸς
2100 441 2303 523 βασι-

299 545 498 629 λέως,
549 546 690 613 υἱεῖ
723 542 848 633 μὲν
895 539 1134 635 ἀγαθῷ
1184 539 1312 629 τὴν
1353 537 1675 630 διαδοχὴν
1721 536 2305 625 καταλελοιπότος,

300 653 520 716 πίστει
552 645 628 716 δὲ
668 652 750 735 τῇ
778 641 989 715 αὐτοῦ
1015 642 1601 734 προσπεφευγότος
1621 664 1636 680 ·
1697 639 1854 712 οὔτε
1887 636 2306 732 ἁμαρτάνειν

292 744 603 840 Ἡρώδην
653 748 812 819 ποτε
849 750 1005 839 περὶ
1045 753 1271 838 κρίσιν
1312 751 1436 817 τοῦ
1473 745 1828 834 διαδόχου,
1882 742 2300 836 σωφροσύνῃ
2334 769 2368 811 ⁵

301 855 712 943 κεχρημένον
764 852 993 943 &ul-⁴1:313
1026 856 1366 952 Καίσαρος
1407 848 1643 939 γνώμῃ
1684 845 1767 918 τά
1805 847 2023 919 πάντα
2076 862 2299 917 ποιεῖ-

303 965 488 1025 σθαι.

244 1070 282 1127 7
449 1058 564 1126 καὶ
602 1054 938 1137 Νικόλαος
977 1055 1101 1145 μὲν
1134 1054 1362 1136 τοιάδε
1402 1052 1701 1126 διελθων
1751 1053 2123 1124 καταπαύει
2174 1051 2302 1122 τὸν

301 1158 505 1248 λόγον
518 1211 538 1246 ,
566 1167 831 1249 Καῖσαρ
858 1159 936 1228 δὲ
953 1155 1307 1249 Ἀρχέλαον
1332 1157 1810 1249 προσπεσόντα
1813 1155 1995 1251 αὐτῷ
2020 1154 2186 1248 πρός
2210 1154 2302 1226 τὰ

164 1306 169 1310 ·
300 1262 552 1351 γόνατα
577 1248 1003 1350 φιλοφρόνως
1028 1289 1102 1331 τε
1128 1258 1386 1351 ἀνίστη,
1407 1261 1703 1351 φάμενος
1729 1257 2092 1344 ἀξιώτατον
2119 1258 2300 1330 εἶναι
2340 1286 2394 1327 ιο

299 1371 417 1455 τῆς
439 1372 815 1455 βασιλείας,
859 1364 1116 1454 πολλήν
1138 1393 1213 1435 τε
1238 1362 1573 1453 ἀπέφαινε
1600 1361 1857 1453 τροπὴν
1880 1360 2150 1452 γνώμης
2178 1368 2303 1451 τῆς

302 1464 546 1554 αὑτοῦ,
588 1496 712 1539 ουκ
728 1465 924 1538 ἄλλα
967 1462 1272 1559 πράξων,
1313 1465 1461 1538 ἀλλ’
1493 1464 1706 1538 ὁπόσα
1742 1471 1820 1537 αἵ
1851 1495 1925 1537 τε
1969 1470 2302 1555 διαθῆκαι

300 1567 731 1660 υπηγόρευον
758 1573 871 1639 καὶ
898 1568 1229 1663 Ἀρχελάω
1259 1574 1657 1662 συνέφερεν.
1695 1566 1780 1639 οὗ
1802 1573 2029 1659 μέντοι
2058 1596 2138 1656 γε
2156 1571 2303 1638 ἐκε-

301 1671 568 1761 κύρωτο
595 1670 831 1757 οὐδέν,
870 1700 959 1753 ως
984 1700 1069 1742 αν
1091 1673 1393 1768 ἐχεγγύω
1425 1679 1912 1773 παραδείγματι
1924 1671 2302 1795 ίχρώμενον

304 1772 415 1845 ἐπ’
447 1772 675 1854 ἀδείας
705 1771 1058 1865 Ἀρχέλαον
1088 1774 1285 1845 εἶναι.
1326 1778 1437 1847 καὶ
1466 1776 1834 1856 διαλύσεως
1859 1804 1996 1847 των
2022 1772 2301 1875 ἀνδρῶν
2339 1796 2390 1839 1⁸

301 1879 665 1969 γενομένης
721 1880 1062 1949 ἐσκοπεῖτο
1111 1874 1279 1949 καθ’
1336 1874 1545 1951 αὑτὸν
1586 1890 1721 1951 εἴτε
1781 1876 2112 1973 Ἀρχελάω
2169 1877 2300 1969 τὴν

305 1989 656 2072 βασιλείαν
695 1992 798 2072 εἴη
842 1983 1219 2073 κυρωτέον,
1271 1992 1405 2053 εἴτε
1442 1982 1659 2073 νομὴν
1703 1979 1909 2073 αὐτῆς
1948 1993 2303 2053 ποιεῖσθαι

305 2086 509 2157 παντὶ
534 2113 627 2179 τω
645 2080 948 2177 Ἡρώδου
974 2087 1179 2174 γένει,
1205 2088 1320 2158 καὶ
1344 2085 1603 2158 τούτων
1629 2092 1878 2177 πολλης
1907 2089 2302 2176 ἐπικουρίας

301 2155 663 2278 δεομένών.

203 2297 290 2364 10
444 2290 772 2382 πρότερον
801 2286 937 2361 δὲ’“
895 2320 936 2380 η
957 2290 1257 2382 κύρωσίν
1277 2318 1431 2363 τινα
1456 2292 1713 2364 τουτων
1738 2292 2080 2380 γενέσθαι,
2103 2298 2301 2396 Meg).-
2333 2314 2393 2356 το

302 2392 488 2480 θάκη
522 2419 596 2463 τε
629 2388 671 2480 ἡ
711 2391 1068 2484 Ἀρχελάου
1102 2393 1316 2484 μήτηρ
1359 2395 1538 2490 νόσω
1578 2400 1894 2488 τελευτα,
1960 2396 2073 2463 καὶ
2115 2387 2303 2484 παρὰ

296 2492 529 2584 ’δάρου
553 2522 676 2565 του
646 2500 950 2585 Συρίας
968 2502 1342 2585 στρατηγοῦ
1370 2504 1593 2588 παρῆν
1609 2497 1970 2588 γράμματα
1993 2495 2119 2587 τὴν
2136 2493 2303 2566 Ἰου-

307 2603 523 2669 δαίων
542 2594 915 2670 ἀπόστασιν
933 2603 1416 2687 διασαφοῦντα.
1454 2606 1578 2671 τοῦ
1595 2600 1726 2691 γὰρ
1747 2598 2104 2690 Ἀρχελάου
2131 2627 2305 2688 μετα

304 2699 428 2772 τὸν
465 2707 759 2772 ἔκπλουν
799 2701 1195 2829 ἐθορυβηθη
1220 2699 1297 2773 τὸ
1327 2708 1464 2774 πᾶν
1490 2710 1692 2786 ἔθνος
1707 2756 1727 2806 ,
1767 2705 1881 2773 καὶ
1916 2700 2135 2793 ’ὃᾶρος
2166 2731 2296 2772 αυ-

238 2843 243 2848 -
303 2803 443 2890 τός,
485 2805 630 2873 ἐπεὶ
674 2810 930 2895 παρῆν,
971 2833 1127 2885 τους
1170 2812 1425 2887 αἰτίους
1464 2812 1580 2930 τῆς
1632 2805 1959 2896 κινήσεως
2006 2815 2300 2897 τιμωρια
2333 2823 2393 2866 ²⁵

300 2905 721 2998 περιβαλών,
772 2910 886 2979 καὶ
924 2914 1046 2978 τοῦ
1102 2916 1421 2980 πλείστου
1461 2915 1578 2999 τῆς
1625 2909 1917 2989 στάσεως
1953 2905 2304 2998 ἐπίσχεσιν

300 3010 747 3099 ποιησάμενος
791 3017 1040 3101 πολλῆς
1098 3014 1461 3101 γενομένης
1481 3064 1501 3098 ,
1556 3010 1665 3082 ἐπ’
1722 3009 2121 3098 Ἀντιοχείας
2169 3008 2301 3100 τὴν

302 3111 642 3202 ἀναζυγὴν
666 3116 974 3201 ἐποιεῖτο,
1001 3112 1218 3203 τάγμα
1247 3118 1323 3186 ἓν
1347 3120 1463 3205 τῆς
1488 3120 1798 3206 στρατιᾶς
1825 3117 1900 3184 ἐν
1924 3110 2297 3206 Ἱεροσολυ-

208 3237 211 3244 ’
306 3241 456 3302 μοις
485 3214 908 3305 λειπόμενος,
947 3246 1073 3307 την
1106 3214 1453 3288 Ἰουδαίων
1480 3217 2003 3305 νεωτεροποιίαν
2028 3219 2296 3287 ἐπιστο-

308 3321 643 3402 μιοῦντας.
697 3315 781 3410 οὐ
815 3347 950 3409 μην
991 3321 1380 3408 ἐπεραίνετό
1422 3348 1501 3409 γε
1529 3317 1734 3391 οὐδὲν
1759 3320 1870 3390 ἐπὶ
1904 3320 2131 3409 παύλῃ
2171 3323 2297 3388 τοῦ
2329 3339 2395 3381 ³·

308 3410 401 3500 ὴ
424 3440 509 3480 ov
533 3420 1000 3502 στασιάσοντος
1025 3420 1273 3492 αὐτων.
1329 3452 1365 3493 ο
1394 3451 1468 3494 τε
1494 3451 1624 3515 γαρ
1656 3420 1873 3512 ’Βάρος
1899 3419 2099 3515 ἀπῄει
2115 3473 2134 3507 ,
2179 3421 2298 3490 καὶ

309 3513 671 3599 Σαβῖνο3“
640 3547 677 3589 ο
718 3523 1070 3614 ἐπίτροπος
1106 3530 1228 3594 τοῦ
1265 3523 1605 3617 Καίσαρος
1642 3521 2011 3614 ὑπομείνας
2048 3521 2296 3595 αὐτόθι
