2500 3882
203 78 324 150 216
376 103 385 106 ‚
870 79 1520 167 ΑΒΧΑΙΟΛΟΓΙΑΣ

207 249 568 341 γενομένης
594 256 934 321 κτείνουσι
955 249 1083 339 μὲν
1108 255 1180 319 οἰ
1190 246 1495 339 Ῥωμαῖοι
1517 257 1655 321 τῶν
1673 256 2010 340 πολεμίων
2039 243 2208 339 περῖ

208 360 632 450 τρισχιλίους,
661 361 990 442 ζωγροῦσι
1016 353 1094 423 δὲ
1118 350 1245 423 οὐκ
1273 353 1602 436 ἐλάττους.

148 477 184 532 3
357 459 432 526 ἐν
482 456 699 551 τούτῳ
754 462 1071 545 Γαβίνιος
1131 458 1242 526 ἐπὶ
1290 455 1366 528 τὸ
1412 454 1914 546 Ἀλεξάνδρειον
1970 454 2196 530 ἐλθών

207 568 654 650 προυκαλεῖτο
683 557 842 641 τοὺς
881 563 1083 629 ἔνδον
1119 564 1213 641 εἰς
1241 559 1615 649 διαλύσεις,
1672 558 2194 649 συγγνώσεσθαι

208 664 395 752 περὶ,
430 669 565 732 τῶν
621 661 925 751 πρόσθεν
988 658 1214 743 αὐτοῖς
1283 658 1767 752 ἡμαρτημένων
1822 659 2190 751 ὁμολογῶν.
2229 690 2256 734 5

209 766 925 855 στρατοπεδευομένων
967 764 1043 834 δὲ
1086 772 1357 835 πολλῶν
1398 765 1529 856 πρὸ
1570 773 1691 837 τοῦ
1718 764 2039 854 ἐρύματος
2068 792 2196 836 πο-

210 874 493 957 λεμίων,
535 862 649 955 ἐφ’
693 863 812 948 οὓς
850 864 1144 958 ἀνῄεσαν
1185 873 1256 936 οἱ
1276 865 1624 960 Ῥωμαῖοι,
1644 865 1930 958 Μάρκος
1948 866 2197 937 'Am-5-
2235 881 2250 891 ‘

208 997 353 1050 νιος
388 973 731 1056 ἐπιφανῶς
773 965 1270 1059 ἀγωνισάμενος
1312 973 1426 1041 καὶ
1465 970 1760 1053 πολλοὺς
1799 968 2199 1051 ἀποκτείνας

214 1075 447 1154 ἔδοξεν
469 1069 955 1161 ἠριστευκέναι.
1008 1079 1328 1163 Γαβίνιος
1349 1073 1473 1163 μὲν
1490 1065 1617 1145 οὖν
1642 1077 1842 1163 μέρος
1861 1081 1976 1162 τῆς
1994 1097 2200 1163 στρα-

212 1181 354 1256 τιᾶς
383 1178 683 1245 ἐνταῦθα
708 1175 1126 1263 καταλιπών,
1169 1172 1259 1257 ὧς
1294 1173 1381 1247 ἀν
1419 1180 1935 1268 ἐκπολιορκηθῇ,
1956 1175 2029 1246 τὸ
2058 1204 2194 1265 χω-
2236 1197 2286 1238 1⁰

214 1284 401 1366 ρίον,
452 1273 655 1360 αὐτὸς
694 1277 882 1369 ,ἐπῄει
924 1276 1050 1367 τὴν
1089 1277 1302 1367 ἄλλην
1333 1276 1700 1368 Ἰουδαίαν,
1740 1282 1855 1351 καὶ
1895 1276 2081 1362 ὅσαις
2119 1306 2199 1369 γε

212 1380 613 1470 ἐνετύγχανε
641 1384 1144 1473 καθῃρημέναις
1171 1378 1308 1454 τῶν
1334 1382 1617 1472 πόλεων,
1647 1391 1893 1467 κτίζειν
1911 1409 2202 1472 παρεκε-

215 1484 472 1555 λεύετο.
557 1486 672 1554 καὶ
712 1482 1210 1573 ἀνεκτίσθησαν
1246 1485 1599 1576 Σαμάρεια
1638 1489 1751 1556 καὶ
1769 1483 2052 1571 ’Ἄζωτος
2086 1487 2203 1556 καὶ
2299 1501 2316 1514 ³

214 1586 650 1667 Σκυθόπολις
675 1588 789 1656 καὶ
808 1584 1176 1676 4Ἀνθηδών
1211 1590 1327 1657 καὶ
1360 1584 1593 1676 Ῥαφία
1631 1591 1745 1659 καὶ
1782 1595 1998 1677 Δῶρα
2042 1586 2203 1658 Μά-

217 1690 414 1776 ρισσά
451 1716 522 1759 τε
562 1690 677 1759 καὶ
713 1688 890 1773 Γάζα
928 1691 1042 1759 καὶ
1087 1687 1284 1761 ἄλλαι
1327 1687 1453 1760 οὐκ
1482 1687 1724 1780 ὀλίγαι.
1808 1698 1945 1762 τῶν
1974 1692 2049 1761 δὲ
2076 1688 2202 1763 ἀν-
2241 1712 2294 1754 15

215 1791 518 1882 θρωπων
560 1794 989 1881 πειθομένων
1035 1788 1206 1874 οἶς“
1175 1821 1211 1862 ο
1261 1800 1578 1883 Γαβίνιος
1618 1797 2049 1894 προσέταττε,
2083 1801 2203 1883 βε-
2301 1809 2312 1814 ’

215 1900 425 1985 βαίως
450 1899 811 1985 οἰκηθῆναι
838 1897 1196 1986 συνέβαινε
1222 1895 1371 1968 τότε
1389 1894 1504 1980 τὰς
1531 1899 1777 1988 πόλεις,
1805 1897 2025 1971 πολύν
2044 1895 2207 1990 χρό-

217 2027 344 2070 νον
370 1998 658 2090 ἐρήμους
688 2002 1069 2089 γενομένας.

160 2139 197 2193 4
375 2109 584 2173 ταῦτα
615 2103 690 2174 δὲ
718 2104 1245 2194 διαπραξάμενος
1273 2103 1441 2175 κατὰ
1464 2103 1590 2194 τὴν
1614 2104 1841 2196 χώραν
1861 2103 2207 2176 ἐπάνεισιν

224 2211 320 2288 εἰς
347 2204 420 2276 τὸ
443 2202 964 2295 Ἀλεξάνδρειον,
994 2210 1108 2277 καὶ
1132 2206 1259 2296 τὴν
1283 2215 1684 2297 πολιορκίαν
1711 2205 1926 2279 αὐτοῦ
1953 2205 2210 2297 κρατύ-
2241 2231 2296 2271 20

220 2335 462 2389 ναντος
488 2295 1060 2399 διαπρεσβεύεται
1068 2308 1237 2399 πρὸς
1258 2307 1468 2381 αὐτὸν
1488 2298 1939 2400 Ἀλέξανδρος,
1968 2335 2211 2400 συγγι-
2323 2336 2332 2343 ’

222 2409 512 2481 νω’σκειν
535 2436 607 2480 τε
635 2408 818 2504 αύτω
845 2438 982 2481 των
999 2409 1487 2501 ἡμαρτημένων
1506 2413 1823 2502 δεόμενος
1849 2416 1961 2484 καὶ
1989 2441 2213 2504 παρα-

226 2510 461 2593 διδοὺς
502 2540 641 2582 των
681 2514 1032 2603 ἐρυμάτων
1064 2510 1422 2604 Τρκανίαν
1460 2542 1530 2585 τε
1556 2519 1671 2587 καὶ
1694 2524 2212 2607 Μαχαιροῦντα,

225 2611 513 2705 ὕστερον
541 2614 616 2685 δὲ
642 2617 756 2686 καὶ
773 2612 1294 2704 Ἀλεξάνδρειον.
1369 2620 1484 2689 καὶ
1509 2624 1719 2689 ταῦτα
1744 2619 1869 2709 μὲν
1894 2625 2216 2709 Γαβίνιος

226 2721 622 2806 κατέσκαψε,
649 2726 765 2806 τῆς
785 2714 1227 2811 Ἀλεξάνδρου
1263 2720 1339 2791 δὲ
1377 2720 1625 2811 μητρὸς
1662 2720 1829 2814 πρὸς
1863 2718 2075 2793 αὐτὸν
2102 2726 2214 2793 ἐλ-
2247 2751 2303 2792 25

228 2823 524 2911 θούσης,
565 2816 611 2909 ἢ
649 2820 923 2911 ἐφρόνει
963 2821 1044 2892 τὰ
1080 2818 1421 2910 Ῥωμαίων
1459 2830 1582 2893 τοῦ
1621 2850 1693 2894 τε
1730 2822 1979 2914 ἀνδρὸς
2005 2821 2216 2913 αὐτῆς

230 2927 345 2996 καὶ
372 2931 508 2995 τῶν
536 2919 762 2993 ἄλλων
780 2927 1034 2995 τέκνων
1055 2921 1347 3015 ἐνῬοόμῃ
1367 2928 1721 3015 ἐχομένων,
1745 2926 2217 3018 συνεχώρησεν

137 3050 144 3074 ¹
232 3027 406 3120 αὐτῇ
447 3023 651 3097 ταῦθ’
691 3023 871 3117 ’ἅπερ
910 3025 1132 3116 ἠξίου·
1200 3030 1316 3097 καὶ
1367 3025 1876 3118 διοικησάμενος
1914 3029 1995 3100 τὰ
2048 3028 2234 3122 πρὸς

234 3127 469 3219 αὐτήν,
490 3126 814 3220 Ὑρκανὸν
841 3136 1128 3219 κατῆγεν
1157 3136 1250 3210 εἰς
1268 3127 1712 3221 Ἱεροσόλυμα,
1742 3131 2068 3220 σχήσοντα
2094 3130 2219 3222 τὴν

233 3237 357 3300 τοῦ
400 3236 585 3319 ἱεροῦ
628 3235 1026 3321 ἐπιμέλειαν.
1114 3234 1314 3303 πέντε
1355 3234 1432 3304 δὲ
1457 3237 1780 3324 συνέδρια
1808 3235 2222 3324 καταστήσας
2253 3267 2306 3310 30

239 3335 335 3409 εἰς
363 3339 508 3410 ἴσας
534 3341 769 3423 μοίρας
794 3337 1086 3423 διένειμε
1112 3334 1186 3405 τὸ
1228 3342 1465 3424 ἔθνος,
1507 3338 1621 3406 καὶ
1647 3338 2128 3408 ιέπολιτεύοντο
2156 3346 2230 3409 οἳ

237 3430 364 3530 μὲν
407 3431 482 3497 ἐν
511 3427 987 3526 Ἱεροσολύμοις
1026 3444 1095 3506 οἳ
1131 3438 1206 3509 δὲ
1249 3441 1324 3509 ἐν
1351 3438 1681 3530 Γαδάροις
1725 3448 1794 3510 οἳ
1818 3436 1885 3510 δ’
1926 3440 2000 3512 ἐν
2020 3437 2224 3537 Ἀμα-
