2500 3882
326 169 407 232 94
1004 167 1657 249 ΑΡΧΑΙΟΛΟΠΛΣ

213 349 234 362 ”
327 370 496 432 νην,
536 347 606 412 εἴ
633 368 712 432 γε
751 341 868 411 καὶ
912 335 1136 410 ἀπιών
1170 345 1299 408 τοῦ
1336 344 1497 428 βίου
1537 336 1866 427 πρόνοιαν
1909 337 2089 428 εἶχεν
2123 334 2216 421 ὥς
2261 341 2349 409 ἐν

328 447 571 515 πένθει
596 446 711 514 καὶ
741 447 984 535 ἐρημίᾳ
1008 448 1146 511 τών
1186 440 1528 529 φιλτάτων
1568 439 1647 510 τὸ
1672 447 1809 510 πᾶν
1845 444 2339 531 καταστήσειεν

330 556 566 634 ἔθνος,
612 550 736 617 ἕνα
776 543 907 617 ἀπὸ
953 544 1237 635 ἑκάστου
1280 554 1472 614 οἴκου
1508 544 1810 614 κελεύων
1850 552 2339 633 μεταχειρίσαι,

330 652 542 741 μηδὲν
567 647 805 720 ἄδικον
834 648 999 737 μήτε
1025 652 1120 728 εἰς
1147 644 1360 718 αὐτὸν
1386 644 1797 738 δεδρακότας
1838 648 2003 736 μήτε
2030 644 2147 734 ἐφ’
2184 650 2338 718 ἑτέ·-

332 778 476 844 ροις
494 753 856 843 ἐγκλήμασι
870 756 1273 839 κατηγορίας
1291 747 1520 820 αὐτῶν
1546 752 1930 839 γενομένης,
1957 750 2333 838 εἰωθότων,
2369 777 2393 817 5

336 852 437 937 οἷς
464 861 899 946 προσποίησις
927 850 1185 942 ἀρετῆς,
1214 853 1331 921 καὶ
1357 851 1526 942 πρὸς
1551 851 1710 934 τοὺς
1748 856 1824 922 έν
1850 859 2007 946 δίκῃ
2036 851 2338 942 ἐχθρούς

336 957 696 1049 γεγονότας
733 961 808 1028 ἐν
834 962 1121 1026 τοιοῖσδε
1150 970 1408 1045 καιροῖς
1433 954 1515 1025 τὰ
1540 963 1700 1045 μίση
1729 964 2257 1035 κατατίθεσθαιῖ

263 1062 300 1129 7
487 1067 694 1131 ταῦτα
722 1061 799 1130 δὲ
825 1061 1321 1139 ἐπιστέλλοντος
1349 1054 1561 1128 αὐτοῦ
1582 1058 1750 1147 πρὸς
1766 1057 1924 1141 τοὺς
1952 1075 2333 1148 συγγενεῖς,

335 1163 688 1255 γράμματα
732 1170 955 1252 παρῆν
998 1159 1129 1232 ὑπὸ
1172 1167 1310 1231 τών
1355 1166 1448 1242 εἰς
1477 1157 1734 1250 Ῥώμην
1772 1164 2124 1251 πρέσβεων
2158 1159 2337 1233 ἀπε-

335 1268 724 1356 σταλμένων
764 1266 931 1354 πρὸς
959 1272 1302 1354 Καίσαρα,
1339 1266 1454 1333 καὶ
1492 1261 2076 1353 ἀναγνωσθέντων
2108 1264 2183 1334 τὸ
2213 1293 2335 1334 κε-
2371 1293 2409 1333 1⁰

213 1424 220 1431 -
315 1371 627 1460 ,φάλαιον
653 1360 741 1458 ἦν
769 1397 858 1450 ως
885 1376 1000 1458 τῆς
1028 1396 1099 1437 τε
1121 1365 1365 1457 Ἀκμῆς
1392 1364 1562 1457 ὀργῇ
1590 1375 1671 1457 τῇ
1703 1376 2041 1457 Καίσαρος
2069 1365 2335 1459 ἀνῃρη-

336 1476 539 1563 μένης
567 1470 679 1560 ἐφ’
726 1468 863 1552 οἷς’
853 1470 1257 1595 Αντιπάτρφ
1282 1470 1978 1561 συγκακουργήσειεν,
2019 1469 2237 1541 αύτόν
2261 1499 2337 1541 τε

330 1576 765 1661 Ἀντίπατρον
781 1602 869 1654 ως
887 1575 1043 1642 ἐπὶ
1021 1573 1256 1663 γνώμῃ
1285 1580 1366 1663 τῆ
1395 1576 1660 1643 ἐκείνου
1687 1589 1944 1644 ποιοῖτο
1973 1570 2061 1655 ὥς
2080 1573 2335 1663 πατρὸς

263 1732 270 1740 .
338 1682 448 1748 καὶ
465 1679 809 1766 βασιλέως,
842 1685 973 1746 εἴτε
1003 1676 1280 1764 φυγάδα
1294 1675 1607 1746 ἐλαύνειν
1636 1677 2027 1765 ἐθελήσειεν
2053 1687 2187 1747 εἴτε
2216 1679 2332 1747 καὶ

338 1779 699 1851 κτιννύειν.
768 1778 1029 1850 τούτων
1066 1776 1568 1869 ἀκροασάμενος
1602 1776 1903 1870 Ἡρώδης
1945 1779 2165 1870 βραχυ
2204 1782 2337 1868 μέν
2367 1809 2407 1849 ιε»

340 1913 403 1955 τι
430 1881 804 1973 ἀνήνεγκεν
831 1878 1047 1973 ἡδονῇ
1074 1909 1211 1953 των
1240 1884 1759 1972 γεγραμμένων,
1797 1884 2072 1977 θανάτω
2112 1911 2187 1954 τε
2214 1891 2332 1973 τῆς

332 1987 573 2077 Ἀκμῆς
602 1986 1036 2080 ἐπαιρόμενος
1062 1987 1176 2055 καὶ
1203 1989 1473 2080 ἐξουσία
1500 1994 1618 2074 τῆς
1643 1990 1752 2058 ἐπὶ
1779 2016 1870 2080 τω
1899 1954 2091 2057 παιδὶ
2120 2016 2331 2076 τιμω-

342 2099 525 2182 ρίας·
559 2096 974 2181 προϊουσῶν
1013 2090 1116 2160 δὲ
1113 2094 1222 2170 εἰς
1261 2092 1430 2179 μέγα
1465 2118 1603 2160 των
1628 2056 2026 2179 ἀλγηδόνων
2052 2107 2331 2179 παρεῖτο

342 2195 1004 2284 τεταλαιπωρημένος
1031 2197 1297 2280 σιτίων,
1336 2190 1506 2262 καὶ’
1476 2191 1678 2283 ῄτησε
1703 2200 1919 2283 μῆλον
1946 2195 2061 2263 καὶ
2085 2201 2331 2283 μαχαί-

345 2320 524 2387 ριον·
581 2287 669 2384 ἦν
693 2294 823 2385 γὰρ
852 2299 928 2364 ἐν
955 2302 1103 2365 ἔθει
1138 2296 1254 2364 καὶ
1293 2296 1627 2386 πρότερον
1665 2295 1849 2391 αύτῷ
1893 2299 2332 2384 περιλέψαντι
2364 2323 2411 2363 2⁰

344 2397 508 2470 αὐτὸ
536 2395 629 2468 δι’
662 2394 880 2467 αὑτοῦ
899 2400 1014 2478 καὶ
1038 2394 1187 2467 κατ’
1218 2395 1454 2486 ὀλίγον
1489 2401 1796 2488 τέμνοντι
1837 2403 2119 2471 ἐσθίειν.
2207 2411 2331 2470 λα-

345 2500 488 2591 βών
526 2502 602 2570 δὲ
638 2502 753 2570 καὶ
793 2499 1366 2591 περιβλεψάμενος
1402 2499 1682 2591 γνώμην
1720 2502 1896 2591 εἶχεν
1938 2500 2028 2585 ὥς
2066 2511 2333 2574 παίσων

343 2604 619 2692 ἑαυτόν,
660 2597 791 2689 κᾶν
831 2602 1192 2692 ἐπεπράχει
1227 2601 1319 2693 μὴ
1362 2605 1756 2693 φθάσαντος
1797 2604 2013 2677 αὐτοῦ
2038 2616 2332 2676 καταλα-

342 2717 491 2798 βεῖν
527 2705 654 2796 τὴν
693 2704 922 2789 δεξιὰν
962 2704 1308 2796 Ἀχιάβου,
1348 2703 1424 2789 ὃς
1463 2705 1738 2792 ἀνεψιὸς
1774 2700 1862 2796 ῆν
1900 2707 2135 2781 αὐτοῦ.
2216 2713 2331 2780 καὶ

342 2813 509 2901 μέγα
536 2807 1032 2899 ἀνακραγόντος
1058 2810 1315 2901 οἰμωγή
1355 2837 1429 2880 τε
1470 2803 1676 2893 αὖθις
1716 2808 1849 2884 ἀνὰ
1877 2812 1953 2882 τὸ
1983 2819 2329 2901 βασίλειον
2364 2839 2408 2881 ²⁶

346 2907 432 3005 ἦν
457 2915 573 2984 καὶ
600 2912 902 3002 θόρυβος
928 2915 1134 3002 μέγας
1164 2908 1253 2994 ὥς
1287 2917 1638 3003 οἰχομένου
1664 2922 1785 2984 τοῦ
1814 2919 2160 3005 βασιλέως.
2218 2917 2331 2986 καὶ

342 3015 384 3090 ὁ
417 3014 847 3104 Ἀντίπατρος
881 3016 1210 3100 (πιστεύει
1235 3015 1365 3106 γὰρ
1391 3020 1579 3100 τέλος
1618 3014 1892 3106 ἀληθῶς
1931 3018 2053 3090 τὸν
2078 3020 2335 3106 πατέρα

345 3126 551 3209 ἔχειν)
591 3118 839 3208 θάρσει
877 3145 950 3189 τε
991 3121 1224 3208 ἐχρῆτο
1266 3121 1379 3189 ἐπὶ
1419 3136 1557 3203 τοῖς
1584 3116 1842 3211 λόγοις,
1887 3118 2042 3205 ὅλος
2075 3117 2165 3202 ὥς
2197 3117 2331 3211 ἤδη

249 3265 254 3266 ff
305 3231 485 3292 τῶν
522 3227 796 3311 δεσμῶν
827 3216 1186 3311 ἀφειμένος
1225 3223 1341 3292 καὶ
1384 3221 1507 3312 τὴν
1538 3231 1888 3313 βασιλείαν
1925 3223 2186 3296 ἀκονιτὶ
2214 3231 2330 3295 δε-

352 3323 626 3408 ξάμενος
660 3331 754 3405 εἰς
778 3340 1035 3413 χεῖρας,
1078 3327 1193 3395 καὶ
1218 3352 1310 3418 τω
1342 3327 1821 3417 εἱρκτοφύλακι
1850 3330 2011 3419 περὶ·
2029 3326 2330 3417 ἀφέσεως
2362 3359 2411 3401 3ο

354 3415 441 3509 ἦν
468 3420 677 3494 αὐτοῦ
706 3426 1016 3517 διάλογος
1034 3479 1053 3515 ,
1095 3429 1352 3517 μεγάλα
1389 3424 1930 3521 υπισχνουμένου
1971 3437 2065 3514 εἰς
2094 3430 2175 3504 τὸ
2199 3455 2328 3501 πα-

309 3519 479 3611 ρὸν
505 3526 617 3593 καὶ
638 3525 711 3594 τὸ
739 3519 976 3618 oevmg,
1015 3526 1105 3613 ὥς
1140 3559 1228 3602 αν
1266 3533 1424 3622 περὶ
1461 3533 1726 3605 τοιόνδε
1752 3539 1873 3605 τοῦ
1894 3531 2157 3624 ἀγωνος
2181 3537 2328 3605 ἑνε-
