2500 3882
263 131 341 194 78
638 141 642 148 ·
732 101 737 106 ’
930 130 1574 214 ΑΡΧΑιοΛοΓΙΑΣ

162 341 167 345 ·
264 313 508 394 βουλος
537 298 805 393 Ἡρώδῃ
844 303 997 390 περὶ
1035 308 1172 372 τῶν
1202 299 1653 389 ἐνεστηκότων
1690 296 1875 393 αὐτῷ
1909 299 2253 388 δεηθέντι.

264 409 379 478 καὶ
404 404 633 477 αὐτῶν
656 404 1209 495 συνεδρευόντων
1240 411 1464 494 παρῆν
1493 400 1530 474 ὁ
1551 399 2013 490 Ἀντίπατρος,
2045 397 2268 471 οὐδε-

248 510 382 591 ,νὸς
408 506 590 602 αὐτῷ
620 507 953 580 ἐκπύστου
983 507 1361 596 γεγονότος·
1419 516 1653 577 εἴσεισι
1693 507 1769 576 δὲ
1812 512 1907 586 είς
1943 502 2020 576 τὸ
2048 513 2252 594 βασί-

267 622 448 683 λειον
475 619 571 682 ἔτι
598 615 1026 698 πορφυρίδας
1053 593 1526 699 ἀμπεχόμενος.
1580 610 1695 719 καὶ
1734 597 1944 680 αὐτὸν
1979 607 2103 697 μὲν
2131 610 2251 676 δέ·

176 759 183 766 -
267 721 497 804 χὸνται
522 719 594 784 οἰ
615 711 725 784 ἐπὶ
751 713 1020 800 θύραις,
1050 710 1439 803 ἀνείργουσι
1472 712 1547 782 δὲ
1575 709 1730 794 τους
1757 719 2018 801 φίλους.
2080 713 2314 780 ἐθο-ε

266 825 537 907 ρυβεῖτο
572 815 648 886 δὲ
683 813 814 904 ἤδη
852 821 1085 904 σαφῶς
1124 811 1197 885 οἶ
1236 814 1557 903 ἐληλύθει
1596 820 1976 903 κατανοῶν,
2011 811 2249 902 ἐπειδὴ

167 982 179 994 .
263 917 434 991 καὶ*
405 949 440 990 ο
468 917 683 1007 πατὴρ
713 915 924 988 αὐτὸν
953 918 1317 1007 προσιόντα
1358 946 1449 998 ως
1481 914 1848 988 ἀσπάσαιτο
1878 914 2248 1002 ἀπεώσατο,

265 1010 798 1110 ἀδελφοκτόνίαν
826 1048 897 1091 τε
916 1019 1253 1092 ἐπικαλῶν
1278 1022 1392 1090 καὶ
1409 1017 1774 1110 βούλευσιν
1800 1017 2095 1109 ὀλέθρου
2120 1025 2249 1089 τοῦ

269 1122 372 1196 ἐπ’
380 1120 632 1216 αὐτῷ,
674 1125 946 1222 πάντων
983 1153 1052 1195 τε
1092 1121 1431 1215 ἀκροατὴν
1469 1125 1583 1193 καὶ
1619 1121 1942 1228 δικαστὴν
1967 1130 2248 1194 ἔσεσθαι

259 1225 486 1318 ’δᾶρον
526 1234 606 1318 τῇ
647 1223 908 1316 αὔριον.
986 1223 1162 1298 καὶ
1140 1256 1176 1299 ο
1229 1228 1352 1317 μὲν
1401 1225 1709 1296 τοιούτου
1747 1232 1961 1296 κακοῦ
1995 1221 2139 1314 ἅμα
2169 1252 2246 1294 τε
2281 1249 2331 1290 ιο

269 1328 720 1421 ἀκροαθέντος
757 1332 871 1400 καὶ
910 1331 1239 1421 παρόντος
1279 1336 1371 1422 τῷ
1413 1332 1700 1418 μεγέθει
1719 1327 2248 1452 περιφερόμενος

182 1433 189 1446 ’
228 1451 237 1461 ‘
268 1431 510 1527 ᾤχετο,
549 1429 1021 1517 ὑπαντιάζουσι
1064 1425 1143 1505 δ
1179 1430 1362 1525 αὐτῷ
1402 1429 1446 1521 ἥ
1487 1459 1559 1502 τε
1601 1432 1814 1522 μήτηρ
1853 1426 2029 1501 καὶο
1996 1459 2037 1518 η
2070 1430 2248 1518 γυνή

271 1533 469 1623 (αντη
515 1526 673 1604 δὲ
630 1563 716 1624 ην
756 1533 798 1622 ἡ
836 1538 1161 1624 γενομένη
1183 1531 1543 1627 Ἀντιγόνα)
1576 1550 1750 1616 παῖς
1758 1541 1848 1627 τῷ
1868 1531 2007 1659 πΙρὸ
2026 1528 2247 1620 Ἡρώ-

268 1645 392 1708 δου
412 1625 758 1708 Ἰουδαίων
784 1638 1341 1726 βεβασιλευκότι),
1370 1634 1526 1722 παρ’
1562 1627 1661 1707 ὦν
1686 1636 1768 1708 τά
1791 1637 2009 1752 πάντα
2036 1639 2242 1724 ἐκμα-

264 1738 417 1810 θών
441 1743 515 1809 ἐν
542 1754 990 1827 παρασκευαῖς
1017 1746 1139 1808 τοῦ
1166 1735 1425 1827 ἀγῶνος
1448 1730 1552 1828 ἦν.
2285 1761 2330 1800 1⁵

197 1866 234 1921 3
403 1850 483 1933 τῇ
494 1837 573 1911 δ’
612 1844 777 1929 ἑξῆς
783 1840 1161 1930 συνήδρευε
1190 1843 1315 1930 μὲν
1349 1839 1569 1931 ’δᾶρός
1597 1868 1668 1912 τε
1696 1823 1868 1912 udl‘
1836 1870 1875 1911 ο
1901 1841 2242 1932 βασιλεύς,
2493 1863 2494 1884 ³

267 1946 752 2035 εἰσεκλήθησαν
787 1945 862 2015 δὲ
889 1947 1001 2016 καὶ
1031 1951 1102 2016 οί
1122 1943 1377 2034 ἀμφοῖν
1405 1954 1588 2036 φίλοι
1619 1949 1742 2027 καὶ
1781 1951 1857 2017 οἰ
1891 1963 2247 2035 συγγενεῖς
2360 1917 2386 1955 l

265 2052 607 2140 βασιλέως,
639 2048 933 2138 Σαλώμη
960 2076 1032 2125 ,τε
1057 2045 1099 2139 ἡ
1130 2047 1425 2176 ἀδελφή,
1457 2044 1596 2120 εἶτα
1624 2060 1692 2120 εἴ
1710 2077 1885 2131 τινες
1912 2050 2246 2138 μηνύσειν

252 2163 568 2280 ,ἕμελλον,
593 2155 709 2222 καὶ
736 2181 835 2222 ων
859 2152 1141 2242 βάσανοι
1167 2154 1548 2242 γεγόνασιν,
1587 2159 1829 2225 δοῦλοί
1848 2180 1918 2222 τε
1944 2159 2244 2246 μητρῷοι

238 2265 389 2327 ’τοῦ
435 2254 906 2345 Ἀντιπάτρου,
974 2263 1190 2348 μικρῷ
1243 2257 1575 2346 πρότερον
1624 2259 2140 2345 συνειλημμένοι
2195 2250 2244 2343 ἦ
2277 2282 2330 2321 2⁰

267 2354 597 2443 ἐκεῖνον”
552 2385 763 2445 ηκειν,
793 2356 1146 2447 ἐπιστολὴν
1166 2349 1546 2447 φέροντες
1502 2386 1581 2447 ης
1605 2357 1681 2428 τὸ
1709 2360 2078 2446 κεφάλαιον
2105 2365 2245 2427 τῶν

184 2502 199 2521 ι
269 2461 745 2585 γεγραμμένων
787 2450 873 2547 ἦν
911 2457 1002 2548 μὴ
1044 2463 1423 2547 ἐπανιέναι,
1468 2489 1558 2542 ως
1596 2461 1870 2531 πάντων
1912 2469 2005 2554 τῷ
2039 2462 2242 2550 πατρὶ

262 2559 568 2653 ἡκόντων
597 2567 690 2642 εἰς
719 2561 963 2632 πύστιν
980 2614 1000 2650 ,
1041 2563 1257 2653 μόνην
1284 2591 1355 2634 τε
1382 2592 1466 2634 αν
1492 2563 1912 2653 καταφυγὴν
1917 2561 2100 2657 αὐτῷ
2135 2574 2244 2634 λι-

266 2668 514 2737 πέσθαι
541 2672 882 2757 Καίσαρα,
908 2668 1024 2737 καὶ
1048 2690 1179 2737 συν
1204 2664 1378 2757 αὐτῇ
1404 2665 1478 2737 τὸ
1505 2666 1594 2756 μὴ
1623 2674 1713 2761 τῷ
1741 2669 1942 2758 πατρὶ
1965 2664 2240 2755 ὑποχεί-

268 2796 418 2860 ριον
440 2770 778 2858 γενέσθαι.
825 2764 1264 2859 Ἀντιπάτρου
1292 2770 1368 2840 δὲ
1394 2769 1888 2859 προσπεσόντος
1921 2777 2011 2864 τῷ
2038 2772 2244 2859 πατρὶ
2276 2796 2329 2836 2⁵

265 2871 430 2963 πρὸς
448 2871 536 2941 ,τὰ
562 2869 846 2961 γόνατα,
887 2875 999 2961 καὶ
1026 2859 1448 2954 ἱκετεύοντος
1479 2872 1569 2962 μὴ
1605 2876 2260 2973 προδιεγνωσμένην,

267 2982 668 3064 καταστῆσαι
700 2980 938 3063 δίκην,
979 2973 1130 3046 ἀλλ’
1187 2973 1567 3064 ἀκροάσεως
1607 2973 1823 3047 αὐτοῦ
1878 2978 2243 3065 γενομένης

260 3076 446 3164 παρὰ
484 3084 577 3169 τῷ
622 3078 821 3165 πατρὶ
848 3075 1138 3171 ἀκεραίω
1165 3079 1395 3167 μένειν
1423 3081 1818 3177 δυναμένω,
1858 3086 2097 3151 τοῦτον
2123 3107 2241 3149 κε-

268 3178 508 3258 λεύσας
523 3175 873 3268 Ἡραίδης’
836 3180 1121 3269 απάγειν
1136 3187 1231 3260 είς
1253 3184 1481 3268 μέσον,
1497 3177 1699 3262 αὐτὸς
1726 3179 1938 3251 αὑτὸν
1957 3179 2243 3270 ωλοφύ-

272 3300 428 3361 ρατο
454 3306 591 3347 των
621 3285 886 3373 παίδων
909 3288 1026 3368 τῆς
1052 3283 1399 3371 ποιήσεως,
1432 3280 1519 3370 ἣν
1544 3285 1654 3353 ἐπὶ
1681 3282 2021 3364 τοιαύταις
2055 3282 2241 3376 αὐτω
2277 3307 2330 3348 ³0

268 3370 491 3452 τύχαις
517 3384 885 3468 γενομένην
917 3383 1249 3471 πρότερον
1274 3387 1348 3452 ἐκ
1366 3391 1481 3470 τῆς
1508 3389 1906 3471 δυσμενείας
1933 3385 2242 3458 ἀποσπά-

267 3478 513 3537 σασθαι
536 3502 673 3545 των
697 3481 1028 3572 πρότερον
1051 3487 1165 3554 καὶ
1192 3491 1287 3564 είς
1304 3482 1735 3575 Ἀντίπατρον
1769 3490 2107 3577 ἐμβαλεῖν
2109 3474 2256 3560 anfi-¹
