2500 3882
1020 137 1405 199 ΕΙΚΟΣΤΗ
1615 116 1624 122 ’
1667 227 1672 236 .
1813 193 1822 196 ,
2101 137 2224 199 267

245 308 464 401 φανὴς
491 306 619 401 γὰρ
650 304 1053 398 ὁἈντιόχου
1099 314 1221 378 τοῦ
1259 305 1584 398 βασιλέως
1620 321 1777 390 παῖς
1800 307 2224 400 παρῃτήσατο

245 412 364 484 τὸν
391 412 641 502 γάμον,
677 410 770 501 μὴ
794 413 1157 501 βουληθεὶς
1184 416 1278 493 εἰς
1304 406 1387 479 τὰ
1405 407 1756 500 Ἰουδαίων
1774 419 1904 501 ἔθη
1930 419 2222 501 μεταβα-

248 525 414 603 λεῖν,
441 521 683 605 καίπερ
710 521 910 585 τοῦτο
942 513 1252 603 ποιήσειν
1293 513 1876 603 προϋποσχόμενος
1901 511 2108 603 αὐτῆς
2132 521 2227 607 τῷ

249 624 468 708 πατρί.
543 619 657 687 καὶ
707 617 1128 708 Μαριάμμην
1169 616 1245 686 δὲ
1276 618 1599 698 ἐξέδωκεν
1616 613 1943 711 Ἀρχελάῳ
1968 624 2061 711 τῷ
2081 614 2227 688 ‘EA-

196 746 227 787 5
249 727 404 791 κίου
430 726 656 808 παιδί,
697 719 1026 811 πρότερον
1050 715 1184 789 ὑπὸ
1218 714 1550 808 Ἀγρίππα
1591 725 1717 789 τοῦ
1741 718 1991 809 πατρὸς
2017 716 2225 810 ἁρμο-

187 917 193 930 .
249 833 535 894 σθεῖσαν
563 820 747 916 αὐτῷ
765 846 779 861 ·
837 824 952 893 καὶ
978 828 1232 911 γίνεται
1264 819 1573 911 θυγάτηρ
1603 817 1831 904 αὐτοῖς
1857 818 2068 912 ὄνομα
2093 831 2225 892 Βε-

162 991 181 1002 ,
250 923 506 1015 ρενίκη.

403 1027 792 1099 διαλύονται
836 1028 916 1098 δὲ
949 1035 1031 1119 τῇ
1068 1032 1460 1118 Δρουσίλλῃ
1500 1025 1668 1116 πρὸς
1715 1026 1836 1098 τὸν
1869 1024 2127 1112 ’Ἀζιζον
2165 1032 2237 1098 οἱ
2270 1038 2307 1091 2

253 1131 452 1222 γάμοι
494 1125 639 1220 μετ’
680 1127 764 1201 ού
798 1127 1018 1201 πολὺν
1042 1129 1287 1220 χρόνον
1307 1128 1634 1218 ’τοιαύτης
1672 1132 2082 1219 ἐμπεσούσης
2117 1140 2226 1201 αἰ·-
2390 1134 2400 1144 ’

167 1256 220 1298 ιο
253 1241 419 1315 τίας.
467 1229 630 1304 καθ’
662 1229 744 1303 ὃν
769 1232 1009 1322 καιρὸν
1034 1239 1151 1321 τῆς
1169 1229 1494 1313 Ἰουδαίας
1520 1232 1967 1320 ἐπετρόπευσε
1992 1239 2225 1321 Φῆλιξ,

253 1336 670 1425 θεασάμενος
705 1335 957 1425 ταύτην
994 1337 1139 1420 (καὶ
1175 1334 1305 1424 γὰρ
1335 1326 1423 1424 ἦν
1461 1334 1692 1405 κάλλει
1719 1342 1953 1407 πασῶν
1989 1337 2232 1425 διαφέ-

258 1442 501 1527 ρουσα)
525 1438 850 1526 λαμβάνει
878 1445 994 1528 τῆς
1019 1435 1342 1528 γυναικὸς
1367 1441 1739 1527 ἐπιθυμίαν
1757 1488 1777 1525 ,
1808 1440 2231 1527 καὶ,Σι’μωνα

257 1538 718 1631 ὀνόματι,.τω”ν
743 1542 990 1612 ἑαυτοῦ
1015 1548 1257 1631 φίλων,
1279 1537 1642 1628 Ἰουδαῖον,
1675 1539 1988 1631 Κύπριον
2014 1540 2091 1611 δὲ
2115 1543 2231 1629 γέ-

254 1672 402 1734 νος,
455 1644 671 1735 μάγον
722 1643 896 1714 εἶναι
929 1643 1419 1734 σκηπτόμενον,
1473 1645 1754 1731 πέμπων
1803 1641 1970 1734 πρὸς
2013 1639 2228 1732 αὐτὴν

56 1773 61 1778 ·
169 1771 222 1813 ιε
257 1755 491 1819 ἔπειθε
515 1747 637 1819 τὸν
664 1743 881 1838 ἄνδρα
922 1754 1422 1817 καταλιποῦσαν
1460 1742 1643 1840 αὐτῷ
1681 1746 2056 1836 γήμασθαι,
2099 1775 2229 1836 μα·-

254 1858 504 1940 καρίαν
539 1850 846 1939 ποιήσειν
889 1849 1456 1939 ἐπαγγελλόμενος
1496 1848 1587 1937 μὴ
1614 1845 2235 1939 ὑπερηφανήσασαν

258 1950 490 2024 αὐτόν.
556 1951 602 2043 ἢ
637 1954 713 2023 δὲ
751 1961 972 2034 κακῶς
1008 1954 1423 2043 πράττουσα,
1461 1954 1574 2022 καὶ
1601 1969 1850 2041 φυγεῖν
1874 1951 1994 2023 τὰν
2019 1957 2093 2023 ἐκ
2119 1960 2235 2042 τῆς

263 2053 556 2145 ἀδελφῆς
604 2063 965 2146 Βερενίκης
1018 2057 1395 2145 βουλομένη
1447 2053 1716 2143 φθόνον
1766 2051 1922 2139 (διὰ
1970 2052 2100 2144 γὰρ
2155 2053 2231 2124 τὸ

262 2158 500 2241 κάλλος
523 2154 683 2247 παρ’
714 2162 972 2248 ἐκείνης
1010 2162 1085 2229 ἐν
1123 2155 1249 2228 οὐκ
1276 2154 1527 2245 ὀλίγοις
1554 2156 1939 2245 ἐβλάπτετο)
1954 2208 1974 2243 ,
2013 2182 2232 2246 παρα-

173 2281 232 2324 ²⁰
264 2266 466 2351 βῆναι
491 2262 573 2331 τά
601 2288 674 2332 τε
698 2261 942 2351 πάτρια
966 2262 1215 2351 νόμιμα
1243 2267 1551 2331 πείθεται
1577 2261 1691 2330 καὶ
1727 2266 1819 2353 τῷ
1841 2259 2083 2348 Φήλικι
2109 2256 2236 2348 γή-

259 2377 535 2455 μασθαι.
621 2371 909 2435 τεκῡῦσα
953 2364 1029 2435 δὲ
1068 2368 1136 2448 ἐξ
1177 2360 1391 2434 αὐτοῦ
1429 2367 1636 2434 παῖδα
1690 2362 2236 2453 προσηγόρευσεν

253 2466 646 2559 Ἀγρίππαν.
698 2464 868 2537 ’ἀλλ’
908 2463 999 2537 ’ὃν
1035 2467 1159 2556 μὲν
1184 2463 1435 2557 τρόπον
1457 2463 1498 2536 ὁ
1524 2471 1794 2549 νεανίας
1823 2469 2076 2548 ἐκεῖνος
2100 2464 2235 2537 σὺν

262 2578 344 2661 τῇ
371 2573 643 2660 γυναικὶ
669 2568 838 2641 κατὰ
862 2569 986 2659 τὴν
1011 2568 1395 2656 ἐκπύρωσιν
1429 2576 1552 2639 τοῦ
1576 2576 1869 2658 Βεσβίου
1897 2566 2100 2655 ὅρους
2125 2569 2235 2639 ἐπὶ

263 2680 403 2743 τω”ν
450 2681 649 2744 Τίτου
688 2679 1027 2764 Καίσαρος
1070 2672 1336 2762 χρόνων
1379 2668 1728 2761 ἠφανίσθη
1740 2721 1762 2758 ,
1814 2669 1979 2760 μετὰ
2030 2677 2240 2740 ταῦτα

172 2804 232 2848 25
268 2776 549 2866 δηλιόσω
568 2799 586 2815 ·
637 2782 962 2866 Βερενίκη
1003 2776 1079 2846 δὲ
1117 2772 1283 2865 μετὰ
1306 2772 1429 2863 τὴν
1444 2769 1752 2863 Ἡρώδου
1775 2773 2127 2862 τελευτήν,
2168 2768 2241 2855 ὃς
2277 2794 2314 2849 3

261 2877 470 2970 αὐτῆς
508 2875 682 2969 ἀνὴρ
720 2881 834 2948 καὶ
875 2888 1065 2960 θεῖος
1085 2877 1413 2968 ἐγεγόνει,
1461 2874 1680 2948 πολὺν
1723 2876 1969 2965 χρόνον
2006 2878 2239 2963 ἐπιχη-

260 2983 593 3073 ρεύσασα,
636 2980 856 3070 φήμης
880 2980 1274 3070 ἐπισχούσης
1297 2977 1401 3050 ὅτι
1434 2976 1744 3071 τάδελφῷ
1772 2985 2008 3067 συνείη
2022 3030 2042 3065 ,
2088 2984 2238 3048 πεί-

261 3096 376 3157 θει
398 3087 774 3174 Πολέμωνα
798 3091 1133 3171 (Κιλικίας
1172 3084 1248 3155 δὲ
1274 3074 1364 3173 ἦν
1389 3074 1584 3165 οὗτος
1609 3079 1947 3172 βασιλεύς)
1974 3107 2240 3171 περιτε-

263 3191 556 3277 μόμενον
609 3185 984 3278 ἀγαγέσθαι
1047 3184 1214 3278 πρὸς
1279 3185 1493 3276 γάμον
1557 3182 1800 3274 αὐτήν·
1880 3179 2057 3255 οὕτω
2110 3182 2240 3279 γάρ
2276 3246 2282 3255 .

40 3290 49 3305 ’
178 3316 235 3360 ³0
269 3293 559 3379 ἐλέγξειν
598 3287 768 3385 ᾧέ-το
804 3296 1095 3374 ψευδεῖς
1115 3287 1231 3372 τὰς
1271 3287 1604 3379 διαβολάς.
1687 3288 1802 3358 καὶ
1841 3281 1878 3355 ὁ
1907 3288 2239 3377 Πολέμων

172 3414 179 3435 *
264 3396 545 3482 ἐπείσθη
583 3393 869 3483 μάλιστα
906 3391 1022 3464 διὰ
1057 3391 1178 3463 τὸν
1202 3399 1497 3463 πλοῦτον
1522 3387 1747 3479 αὐτῆς.
1831 3387 1914 3460 οὐ
1955 3388 2091 3480 μὴν
2128 3392 2240 3460 ἐπὶ

263 3493 441 3567 πολὺ
480 3499 874 3587 συνέμεινεν
911 3493 949 3566 ὁ
980 3495 1186 3586 γάμος
1201 3546 1223 3583 ,
1262 3490 1479 3584 ἀλλ’ἢ
1516 3501 1838 3586 Βερενίκη
1866 3491 1961 3566 δι’
1990 3491 2237 3564 ἀκολα-
